time,price,quantity
2019-11-14 00:00:01+00:00,8758.34,0.00502
2019-11-14 00:00:02+00:00,8758.33,0.00507
2019-11-14 00:00:04+00:00,8758.34,0.03425306
2019-11-14 00:00:06+00:00,8758.34,0.0059088
2019-11-14 00:00:09+00:00,8758.34,0.00227217
2019-11-14 00:00:10+00:00,8758.34,0.00318218
2019-11-14 00:00:16+00:00,8758.34,2.838e-05
2019-11-14 00:00:16+00:00,8759.57,0.2
2019-11-14 00:00:16+00:00,8758.34,0.0144
2019-11-14 00:00:16+00:00,8759.169999999998,0.144
2019-11-14 00:00:16+00:00,8759.169999999998,8.817e-05
2019-11-14 00:00:16+00:00,8760.59,0.012
2019-11-14 00:00:19+00:00,8764.609999999999,0.0021029
2019-11-14 00:00:29+00:00,8764.609999999999,0.00499635
2019-11-14 00:00:36+00:00,8764.609999999999,0.00104033
2019-11-14 00:00:38+00:00,8764.609999999999,0.00703984
2019-11-14 00:00:39+00:00,8764.609999999999,0.02240226
2019-11-14 00:00:40+00:00,8764.609999999999,0.00906177
2019-11-14 00:00:41+00:00,8764.609999999999,0.00647389
2019-11-14 00:00:42+00:00,8764.609999999999,0.02462198
2019-11-14 00:00:43+00:00,8764.609999999999,6.068e-05
2019-11-14 00:00:43+00:00,8765.0,0.97963932
2019-11-14 00:00:43+00:00,8764.609999999999,0.1222
2019-11-14 00:00:44+00:00,8765.61,0.01661134
2019-11-14 00:00:44+00:00,8765.61,0.05840653
2019-11-14 00:00:44+00:00,8765.0,7.835e-05
2019-11-14 00:00:45+00:00,8765.61,0.01729621
2019-11-14 00:00:45+00:00,8765.61,0.0559305
2019-11-14 00:00:48+00:00,8765.61,0.00283869
2019-11-14 00:00:49+00:00,8765.61,0.0138515
2019-11-14 00:00:50+00:00,8765.61,0.00281063
2019-11-14 00:00:50+00:00,8765.61,0.005
2019-11-14 00:00:52+00:00,8765.6,0.01261212
2019-11-14 00:00:54+00:00,8765.61,0.00431518
2019-11-14 00:00:54+00:00,8765.61,0.00544984
2019-11-14 00:01:00+00:00,8765.61,0.00185176
2019-11-14 00:01:07+00:00,8765.6,0.0337
2019-11-14 00:01:08+00:00,8765.61,0.01563782
2019-11-14 00:01:08+00:00,8766.61,0.01328779
2019-11-14 00:01:10+00:00,8766.61,0.00136637
2019-11-14 00:01:15+00:00,8766.61,0.02796524
2019-11-14 00:01:18+00:00,8766.61,0.00210092
2019-11-14 00:01:20+00:00,8766.61,0.00590322
2019-11-14 00:01:22+00:00,8766.6,0.11444427
2019-11-14 00:01:23+00:00,8766.61,0.05675829
2019-11-14 00:01:24+00:00,8767.61,0.01222307
2019-11-14 00:01:24+00:00,8766.61,1.817e-05
2019-11-14 00:01:24+00:00,8766.61,0.0926
2019-11-14 00:01:25+00:00,8767.6,0.05675829
2019-11-14 00:01:27+00:00,8767.61,0.00511353
2019-11-14 00:01:31+00:00,8767.61,0.01746137
2019-11-14 00:01:34+00:00,8767.61,0.00221542
2019-11-14 00:01:35+00:00,8767.61,0.00272373
2019-11-14 00:01:36+00:00,8767.61,0.00289509
2019-11-14 00:01:36+00:00,8767.61,0.0183341
2019-11-14 00:01:38+00:00,8768.61,0.00284084
2019-11-14 00:01:38+00:00,8767.61,0.13903369
2019-11-14 00:01:39+00:00,8768.61,0.03761625
2019-11-14 00:01:39+00:00,8768.6,0.00289509
2019-11-14 00:01:47+00:00,8768.61,0.05183233
2019-11-14 00:01:50+00:00,8768.6,0.05183233
2019-11-14 00:02:00+00:00,8768.61,0.00817139
2019-11-14 00:02:03+00:00,8768.6,0.01467089
2019-11-14 00:02:04+00:00,8768.61,0.02865802
2019-11-14 00:02:08+00:00,8768.61,0.00102242
2019-11-14 00:02:08+00:00,8768.61,0.00823391
2019-11-14 00:02:09+00:00,8768.61,0.05509645
2019-11-14 00:02:11+00:00,8768.6,0.00545046
2019-11-14 00:02:16+00:00,8768.61,0.00652839
2019-11-14 00:02:16+00:00,8769.38,0.00482291
2019-11-14 00:02:17+00:00,8769.38,0.00544784
2019-11-14 00:02:18+00:00,8769.38,0.02291386
2019-11-14 00:02:21+00:00,8769.37,0.00823391
2019-11-14 00:02:21+00:00,8769.38,0.02795061
2019-11-14 00:02:22+00:00,8769.38,0.051501
2019-11-14 00:02:23+00:00,8769.61,0.19945161
2019-11-14 00:02:23+00:00,8769.38,0.12054839
2019-11-14 00:02:24+00:00,8770.0,0.00211942
2019-11-14 00:02:24+00:00,8770.0,0.01835959
2019-11-14 00:02:24+00:00,8769.6,0.02292127
2019-11-14 00:02:24+00:00,8770.0,0.00544797
2019-11-14 00:02:24+00:00,8769.61,0.00054839
2019-11-14 00:02:27+00:00,8769.99,0.00546347
2019-11-14 00:02:28+00:00,8769.99,0.03000604
2019-11-14 00:02:28+00:00,8769.99,0.04200439
2019-11-14 00:02:29+00:00,8770.0,0.20247302
2019-11-14 00:02:29+00:00,8769.99,0.039
2019-11-14 00:02:29+00:00,8769.99,0.0835261
2019-11-14 00:02:29+00:00,8770.0,0.34250088
2019-11-14 00:02:29+00:00,8770.0,0.3426
2019-11-14 00:02:30+00:00,8770.61,0.19990088
2019-11-14 00:02:30+00:00,8770.0,9.912e-05
2019-11-14 00:02:31+00:00,8770.6,0.03776622
2019-11-14 00:02:35+00:00,8771.43,0.003
2019-11-14 00:02:35+00:00,8771.61,0.00234706
2019-11-14 00:02:35+00:00,8770.61,9.912e-05
2019-11-14 00:02:45+00:00,8771.61,0.04379645
2019-11-14 00:02:45+00:00,8771.61,0.04636056
2019-11-14 00:02:49+00:00,8771.61,0.00544611
2019-11-14 00:02:50+00:00,8770.9,0.00893658
2019-11-14 00:02:50+00:00,8771.61,0.00260565
2019-11-14 00:02:52+00:00,8771.61,0.07014155
2019-11-14 00:02:54+00:00,8771.61,0.01824781
2019-11-14 00:03:00+00:00,8771.61,0.01105481
2019-11-14 00:03:00+00:00,8772.609999999999,0.00203558
2019-11-14 00:03:02+00:00,8772.659999999998,0.06845692
2019-11-14 00:03:02+00:00,8772.609999999999,0.19796442
2019-11-14 00:03:02+00:00,8772.670000000002,0.05203558
2019-11-14 00:03:03+00:00,8772.670000000002,0.19796442
2019-11-14 00:03:03+00:00,8772.670000000002,0.19993558
2019-11-14 00:03:06+00:00,8772.670000000002,6.442e-05
2019-11-14 00:03:06+00:00,8773.61,0.00640262
2019-11-14 00:03:09+00:00,8773.61,0.01368719
2019-11-14 00:03:10+00:00,8773.61,0.01145112
2019-11-14 00:03:13+00:00,8773.61,0.01289711
2019-11-14 00:03:14+00:00,8773.27,0.03799386
2019-11-14 00:03:15+00:00,8773.02,0.01100452
2019-11-14 00:03:15+00:00,8773.02,0.02399326
2019-11-14 00:03:16+00:00,8773.02,0.05671122
2019-11-14 00:03:18+00:00,8773.02,0.05671122
2019-11-14 00:03:19+00:00,8773.02,0.03472
2019-11-14 00:03:23+00:00,8773.02,0.02001142
2019-11-14 00:03:24+00:00,8773.02,0.01090634
2019-11-14 00:03:28+00:00,8773.02,0.00816727
2019-11-14 00:03:34+00:00,8773.01,0.13003063
2019-11-14 00:03:35+00:00,8773.03,0.00250874
2019-11-14 00:03:35+00:00,8773.02,0.00091497
2019-11-14 00:03:39+00:00,8773.03,0.02160115
2019-11-14 00:03:39+00:00,8773.03,0.0054451
2019-11-14 00:03:40+00:00,8773.03,0.00589891
2019-11-14 00:03:42+00:00,8773.03,0.13088055
2019-11-14 00:03:44+00:00,8773.02,0.01143203
2019-11-14 00:03:46+00:00,8773.02,0.13088055
2019-11-14 00:03:46+00:00,8773.02,0.09445878
2019-11-14 00:03:46+00:00,8773.03,0.00295002
2019-11-14 00:03:49+00:00,8773.61,0.00102207
2019-11-14 00:03:50+00:00,8773.61,0.2
2019-11-14 00:03:50+00:00,8773.619999999999,0.00369652
2019-11-14 00:03:50+00:00,8773.61,0.37582361
2019-11-14 00:03:50+00:00,8773.87,0.10298081
2019-11-14 00:03:52+00:00,8773.86,0.00544522
2019-11-14 00:03:53+00:00,8773.86,0.00243947
2019-11-14 00:03:53+00:00,8773.86,0.19211531
2019-11-14 00:03:53+00:00,8773.87,0.0982954
2019-11-14 00:03:55+00:00,8773.87,0.01145112
2019-11-14 00:03:56+00:00,8773.87,0.04706831
2019-11-14 00:04:04+00:00,8773.87,0.00855324
2019-11-14 00:04:04+00:00,8773.87,0.00244844
2019-11-14 00:04:07+00:00,8773.87,0.01635793
2019-11-14 00:04:09+00:00,8773.86,0.11454766
2019-11-14 00:04:09+00:00,8773.87,0.01153504
2019-11-14 00:04:11+00:00,8773.87,0.01635793
2019-11-14 00:04:12+00:00,8773.87,0.02234246
2019-11-14 00:04:14+00:00,8773.86,0.01635793
2019-11-14 00:04:14+00:00,8773.87,0.00544471
2019-11-14 00:04:17+00:00,8773.86,0.1140733
2019-11-14 00:04:17+00:00,8773.87,0.05587146
2019-11-14 00:04:18+00:00,8773.87,0.051
2019-11-14 00:04:18+00:00,8773.86,0.00544471
2019-11-14 00:04:18+00:00,8773.87,0.00872472
2019-11-14 00:04:19+00:00,8774.5,0.001
2019-11-14 00:04:19+00:00,8774.5,0.00030942
2019-11-14 00:04:19+00:00,8773.87,0.00381251
2019-11-14 00:04:19+00:00,8774.49,0.59618749
2019-11-14 00:04:19+00:00,8774.54,0.00169058
2019-11-14 00:04:20+00:00,8774.55,0.00095342
2019-11-14 00:04:20+00:00,8774.61,0.00095342
2019-11-14 00:04:20+00:00,8774.55,0.00035564
2019-11-14 00:04:20+00:00,8774.54,0.00064436
2019-11-14 00:04:20+00:00,8774.61,0.19904658
2019-11-14 00:04:20+00:00,8775.61,0.19
2019-11-14 00:04:20+00:00,8775.61,0.00995137
2019-11-14 00:04:23+00:00,8776.61,0.183
2019-11-14 00:04:23+00:00,8775.61,4.863e-05
2019-11-14 00:04:23+00:00,8776.61,0.00069579
2019-11-14 00:04:23+00:00,8776.62,0.00030421
2019-11-14 00:04:23+00:00,8776.61,0.01630421
2019-11-14 00:04:24+00:00,8776.62,0.19888143
2019-11-14 00:04:24+00:00,8776.62,0.00111857
2019-11-14 00:04:24+00:00,8776.62,0.001
2019-11-14 00:04:25+00:00,8777.61,0.19988143
2019-11-14 00:04:25+00:00,8776.62,0.00011857
2019-11-14 00:04:26+00:00,8779.61,0.18998085
2019-11-14 00:04:26+00:00,8779.5,0.01
2019-11-14 00:04:26+00:00,8778.61,0.198
2019-11-14 00:04:26+00:00,8778.61,1.915e-05
2019-11-14 00:04:26+00:00,8778.61,0.00198085
2019-11-14 00:04:26+00:00,8777.61,0.00011857
2019-11-14 00:04:28+00:00,8780.019999999999,0.004
2019-11-14 00:04:28+00:00,8779.6,0.15585327
2019-11-14 00:04:28+00:00,8779.61,0.01
2019-11-14 00:04:28+00:00,8780.5,0.00813343
2019-11-14 00:04:28+00:00,8780.38,0.001
2019-11-14 00:04:28+00:00,8780.0,0.00021568
2019-11-14 00:04:28+00:00,8780.0,0.1
2019-11-14 00:04:28+00:00,8780.0,0.175
2019-11-14 00:04:28+00:00,8780.2,0.003
2019-11-14 00:04:28+00:00,8780.0,0.07478432
2019-11-14 00:04:28+00:00,8780.0,0.06
2019-11-14 00:04:28+00:00,8779.61,1.915e-05
2019-11-14 00:04:29+00:00,8779.99,0.00294808
2019-11-14 00:04:30+00:00,8779.99,0.197
2019-11-14 00:04:30+00:00,8780.609999999999,0.19808151
2019-11-14 00:04:30+00:00,8779.99,5.192e-05
2019-11-14 00:04:30+00:00,8780.5,0.00186657
2019-11-14 00:04:31+00:00,8780.609999999999,0.001
2019-11-14 00:04:31+00:00,8780.609999999999,0.00091849
2019-11-14 00:04:31+00:00,8781.61,0.00997963
2019-11-14 00:04:31+00:00,8781.61,0.19
2019-11-14 00:04:32+00:00,8782.61,0.0328
2019-11-14 00:04:32+00:00,8782.61,2.037e-05
2019-11-14 00:04:32+00:00,8782.0,0.0028
2019-11-14 00:04:32+00:00,8781.61,2.037e-05
2019-11-14 00:04:32+00:00,8782.61,0.16717963
2019-11-14 00:04:32+00:00,8783.61,0.00349395
2019-11-14 00:04:32+00:00,8782.5,0.03
2019-11-14 00:04:33+00:00,8783.61,0.03270318
2019-11-14 00:04:34+00:00,8783.61,0.00544056
2019-11-14 00:04:35+00:00,8783.6,0.00351432
2019-11-14 00:04:36+00:00,8784.61,0.10533021
2019-11-14 00:04:36+00:00,8783.6,0.01293543
2019-11-14 00:04:36+00:00,8783.61,0.90062073
2019-11-14 00:04:36+00:00,8784.0,0.0028
2019-11-14 00:04:36+00:00,8784.510000000002,2.56961482
2019-11-14 00:04:36+00:00,8783.61,0.00266436
2019-11-14 00:04:36+00:00,8783.61,2.0
2019-11-14 00:04:36+00:00,8783.61,0.15569795
2019-11-14 00:04:36+00:00,8783.61,0.11280647
2019-11-14 00:04:36+00:00,8783.61,0.2
2019-11-14 00:04:37+00:00,8783.6,0.00544056
2019-11-14 00:04:38+00:00,8783.61,0.00277774
2019-11-14 00:04:39+00:00,8779.26,0.12962952
2019-11-14 00:04:39+00:00,8783.6,0.07655944
2019-11-14 00:04:40+00:00,8774.67,0.08591392
2019-11-14 00:04:40+00:00,8774.66,0.46
2019-11-14 00:04:40+00:00,8774.67,0.54
2019-11-14 00:04:40+00:00,8774.68,0.12
2019-11-14 00:04:40+00:00,8774.66,0.2
2019-11-14 00:04:40+00:00,8776.95,0.04
2019-11-14 00:04:40+00:00,8775.89,0.06
2019-11-14 00:04:40+00:00,8778.01,0.13883698
2019-11-14 00:04:40+00:00,8776.32,0.13883698
2019-11-14 00:04:40+00:00,8778.02,0.08544078
2019-11-14 00:04:40+00:00,8776.6,2.6249297
2019-11-14 00:04:40+00:00,8775.36,2.89109272
2019-11-14 00:04:40+00:00,8777.02,0.12962952
2019-11-14 00:04:40+00:00,8776.6,0.2150703
2019-11-14 00:04:40+00:00,8774.39,0.0697
2019-11-14 00:04:41+00:00,8771.699999999999,0.004
2019-11-14 00:04:44+00:00,8771.69,0.07393061
2019-11-14 00:04:44+00:00,8771.699999999999,0.08544078
2019-11-14 00:04:44+00:00,8771.699999999999,0.19995922
2019-11-14 00:04:54+00:00,8771.699999999999,4.078e-05
2019-11-14 00:04:59+00:00,8772.69,0.00102194
2019-11-14 00:05:02+00:00,8772.69,0.05587898
2019-11-14 00:05:04+00:00,8772.68,0.02853
2019-11-14 00:05:08+00:00,8772.69,0.02234546
2019-11-14 00:05:09+00:00,8776.6,0.01372654
2019-11-14 00:05:10+00:00,8777.81,0.0016
2019-11-14 00:05:10+00:00,8777.82,0.02181465
2019-11-14 00:05:10+00:00,8776.179999999998,1.40670213
2019-11-14 00:05:10+00:00,8776.190000000002,2.0
2019-11-14 00:05:10+00:00,8776.2,0.0854585
2019-11-14 00:05:11+00:00,8779.19,0.00102194
2019-11-14 00:05:16+00:00,8779.329999999998,0.01089851
2019-11-14 00:05:17+00:00,8779.329999999998,0.05587898
2019-11-14 00:05:17+00:00,8779.329999999998,0.00266467
2019-11-14 00:05:18+00:00,8776.79,0.02290465
2019-11-14 00:05:18+00:00,8776.65,0.01100731
2019-11-14 00:05:25+00:00,8774.44,0.00113762
2019-11-14 00:05:27+00:00,8774.44,0.00307811
2019-11-14 00:05:27+00:00,8774.44,0.01327872
2019-11-14 00:05:30+00:00,8774.44,0.00266604
2019-11-14 00:05:31+00:00,8774.44,0.00153194
2019-11-14 00:05:31+00:00,8774.44,0.00544422
2019-11-14 00:05:32+00:00,8774.44,0.00232584
2019-11-14 00:05:33+00:00,8774.44,0.01090458
2019-11-14 00:05:33+00:00,8774.44,0.01090458
2019-11-14 00:05:34+00:00,8774.44,0.05676051
2019-11-14 00:05:35+00:00,8774.44,0.00589795
2019-11-14 00:05:38+00:00,8774.44,0.1004
2019-11-14 00:05:39+00:00,8775.44,0.00535812
2019-11-14 00:05:39+00:00,8775.44,0.02347105
2019-11-14 00:05:39+00:00,8774.44,8.623e-05
2019-11-14 00:05:43+00:00,8775.43,0.00544435
2019-11-14 00:05:45+00:00,8775.44,0.02126242
2019-11-14 00:05:50+00:00,8776.44,0.00322427
2019-11-14 00:05:50+00:00,8775.44,8.41e-06
2019-11-14 00:05:50+00:00,8775.44,0.1499
2019-11-14 00:05:51+00:00,8776.44,0.00077573
2019-11-14 00:05:51+00:00,8776.44,0.196
2019-11-14 00:05:51+00:00,8777.44,0.19922427
2019-11-14 00:05:52+00:00,8778.44,0.00075613
2019-11-14 00:05:52+00:00,8777.44,0.00077573
2019-11-14 00:05:54+00:00,8784.449999999999,0.01199413
2019-11-14 00:06:03+00:00,8779.53,0.01709915
2019-11-14 00:06:03+00:00,8779.52,0.082847
2019-11-14 00:06:04+00:00,8779.53,0.1004674
2019-11-14 00:06:09+00:00,8779.52,0.01711981
2019-11-14 00:06:10+00:00,8779.53,0.00703423
2019-11-14 00:06:11+00:00,8779.53,0.00430785
2019-11-14 00:06:15+00:00,8779.53,0.01089826
2019-11-14 00:06:17+00:00,8776.29,0.03840527
2019-11-14 00:06:17+00:00,8779.52,0.00588019
2019-11-14 00:06:21+00:00,8777.08,0.14782755
2019-11-14 00:06:22+00:00,8777.089999999998,0.1
2019-11-14 00:06:24+00:00,8778.99,0.00487588
2019-11-14 00:06:26+00:00,8778.99,0.00430924
2019-11-14 00:06:28+00:00,8778.99,0.00187127
2019-11-14 00:06:33+00:00,8778.99,0.021799
2019-11-14 00:06:36+00:00,8778.99,0.01465439
2019-11-14 00:06:36+00:00,8778.98,0.03095726
2019-11-14 00:06:36+00:00,8778.99,0.00714461
2019-11-14 00:06:36+00:00,8778.98,0.021799
2019-11-14 00:06:39+00:00,8778.99,0.01667733
2019-11-14 00:06:40+00:00,8778.99,0.03814504
2019-11-14 00:06:44+00:00,8778.99,0.01198927
2019-11-14 00:06:44+00:00,8778.99,0.00634826
2019-11-14 00:06:46+00:00,8778.99,0.11218571
2019-11-14 00:06:46+00:00,8780.990000000002,0.02282696
2019-11-14 00:06:46+00:00,8779.99,0.2
2019-11-14 00:06:47+00:00,8780.22,0.00634826
2019-11-14 00:06:51+00:00,8780.990000000002,0.00544153
2019-11-14 00:06:53+00:00,8780.990000000002,0.00702831
2019-11-14 00:06:54+00:00,8780.979999999998,0.4825232
2019-11-14 00:06:55+00:00,8780.52,0.00430713
2019-11-14 00:06:57+00:00,8779.58,0.00266405
2019-11-14 00:06:58+00:00,8779.57,0.00816173
2019-11-14 00:06:58+00:00,8779.55,0.0064616
2019-11-14 00:07:00+00:00,8777.27,0.90962587
2019-11-14 00:07:01+00:00,8776.76,0.01634731
2019-11-14 00:07:06+00:00,8776.29,0.00572321
2019-11-14 00:07:08+00:00,8776.42,0.00487625
2019-11-14 00:07:09+00:00,8776.42,0.01191315
2019-11-14 00:07:09+00:00,8776.42,0.01099277
2019-11-14 00:07:11+00:00,8773.5,0.00601
2019-11-14 00:07:13+00:00,8773.16,0.0200626
2019-11-14 00:07:15+00:00,8772.69,0.01250604
2019-11-14 00:07:16+00:00,8771.69,0.08602324
2019-11-14 00:07:16+00:00,8771.699999999999,0.01799518
2019-11-14 00:07:18+00:00,8769.01,0.00850425
2019-11-14 00:07:21+00:00,8769.05,0.00703294
2019-11-14 00:07:25+00:00,8769.04,0.01250451
2019-11-14 00:07:26+00:00,8769.05,0.1929
2019-11-14 00:07:27+00:00,8769.82,0.19993294
2019-11-14 00:07:27+00:00,8769.82,6.706e-05
2019-11-14 00:07:27+00:00,8770.4,0.19993294
2019-11-14 00:07:27+00:00,8769.05,6.706e-05
2019-11-14 00:07:28+00:00,8770.39,0.01250604
2019-11-14 00:07:33+00:00,8770.4,6.706e-05
2019-11-14 00:07:33+00:00,8771.4,0.00537919
2019-11-14 00:07:36+00:00,8771.4,0.0218159
2019-11-14 00:07:37+00:00,8771.390000000001,0.07394659
2019-11-14 00:07:38+00:00,8771.4,0.01667693
2019-11-14 00:07:41+00:00,8773.630000000001,0.0059
2019-11-14 00:07:43+00:00,8773.619999999999,0.20625372
2019-11-14 00:07:44+00:00,8773.630000000001,0.00442416
2019-11-14 00:07:44+00:00,8773.619999999999,0.00129328
2019-11-14 00:07:57+00:00,8773.630000000001,0.00635214
2019-11-14 00:07:57+00:00,8773.630000000001,0.001759
2019-11-14 00:07:59+00:00,8773.630000000001,0.02290219
2019-11-14 00:08:00+00:00,8773.630000000001,0.00759966
2019-11-14 00:08:02+00:00,8773.630000000001,0.0038571
2019-11-14 00:08:03+00:00,8773.619999999999,0.01047185
2019-11-14 00:08:10+00:00,8773.619999999999,0.03894855
2019-11-14 00:08:10+00:00,8773.630000000001,0.00499121
2019-11-14 00:08:16+00:00,8773.619999999999,0.00317664
2019-11-14 00:08:19+00:00,8773.619999999999,0.00544486
2019-11-14 00:08:20+00:00,8773.619999999999,0.02200284
2019-11-14 00:08:22+00:00,8773.61,0.00317664
2019-11-14 00:08:22+00:00,8773.61,0.02252028
2019-11-14 00:08:24+00:00,8773.61,0.00715751
2019-11-14 00:08:26+00:00,8773.619999999999,0.0182427
2019-11-14 00:08:27+00:00,8773.619999999999,0.00232606
2019-11-14 00:08:27+00:00,8773.619999999999,0.10057172
2019-11-14 00:08:29+00:00,8773.619999999999,0.37904814
2019-11-14 00:08:29+00:00,8773.619999999999,0.09823518
2019-11-14 00:08:32+00:00,8773.619999999999,0.00243947
2019-11-14 00:08:33+00:00,8773.619999999999,0.00372434
2019-11-14 00:08:34+00:00,8773.630000000001,0.00107854
2019-11-14 00:08:34+00:00,8773.630000000001,0.02880441
2019-11-14 00:08:37+00:00,8773.61,0.01234419
2019-11-14 00:08:40+00:00,8773.630000000001,0.01090559
2019-11-14 00:08:40+00:00,8773.61,0.09118232
2019-11-14 00:08:40+00:00,8773.630000000001,0.08275
2019-11-14 00:08:41+00:00,8773.630000000001,0.00544473
2019-11-14 00:08:43+00:00,8773.619999999999,0.00226124
2019-11-14 00:08:43+00:00,8773.630000000001,0.01090559
2019-11-14 00:08:43+00:00,8773.619999999999,0.08048876
2019-11-14 00:08:48+00:00,8773.630000000001,0.0140947
2019-11-14 00:08:49+00:00,8773.619999999999,0.035
2019-11-14 00:08:49+00:00,8773.61,0.965
2019-11-14 00:08:53+00:00,8773.619999999999,0.12758735
2019-11-14 00:09:01+00:00,8773.619999999999,0.0110023
2019-11-14 00:09:01+00:00,8773.619999999999,0.00544473
2019-11-14 00:09:02+00:00,8773.619999999999,0.0037437
2019-11-14 00:09:03+00:00,8773.619999999999,0.00211511
2019-11-14 00:09:09+00:00,8773.619999999999,0.00635215
2019-11-14 00:09:10+00:00,8773.61,0.0227783
2019-11-14 00:09:12+00:00,8773.619999999999,0.0037437
2019-11-14 00:09:18+00:00,8773.61,0.11409272
2019-11-14 00:09:22+00:00,8773.619999999999,0.05587305
2019-11-14 00:09:27+00:00,8773.619999999999,0.01810584
2019-11-14 00:09:29+00:00,8773.619999999999,0.00102183
2019-11-14 00:09:31+00:00,8773.619999999999,0.00266629
2019-11-14 00:09:31+00:00,8773.619999999999,0.00431076
2019-11-14 00:09:31+00:00,8773.619999999999,0.00310634
2019-11-14 00:09:31+00:00,8773.619999999999,0.00779926
2019-11-14 00:09:34+00:00,8773.619999999999,0.01308763
2019-11-14 00:09:39+00:00,8773.61,0.04667865
2019-11-14 00:09:39+00:00,8773.619999999999,0.00544487
2019-11-14 00:09:39+00:00,8773.619999999999,0.0109056
2019-11-14 00:09:40+00:00,8773.619999999999,0.01066177
2019-11-14 00:09:41+00:00,8773.61,0.0662121
2019-11-14 00:09:43+00:00,8773.619999999999,0.02181234
2019-11-14 00:09:44+00:00,8773.619999999999,0.01667255
2019-11-14 00:09:45+00:00,8773.619999999999,0.01134109
2019-11-14 00:09:46+00:00,8773.619999999999,0.00102238
2019-11-14 00:09:49+00:00,8773.61,0.00572755
2019-11-14 00:09:49+00:00,8773.61,0.1272947
2019-11-14 00:09:49+00:00,8773.61,0.20768047
2019-11-14 00:09:50+00:00,8773.619999999999,0.00481572
2019-11-14 00:09:50+00:00,8773.619999999999,0.005
2019-11-14 00:09:53+00:00,8773.61,0.04763256
2019-11-14 00:09:54+00:00,8773.61,0.63955957
2019-11-14 00:09:57+00:00,8773.619999999999,0.0109056
2019-11-14 00:10:01+00:00,8773.619999999999,0.01105732
2019-11-14 00:10:02+00:00,8773.61,0.00112607
2019-11-14 00:10:02+00:00,8773.61,0.00896205
2019-11-14 00:10:03+00:00,8773.619999999999,0.00986627
2019-11-14 00:10:03+00:00,8773.619999999999,0.00322136
2019-11-14 00:10:05+00:00,8773.619999999999,0.00102238
2019-11-14 00:10:08+00:00,8773.619999999999,0.00209923
2019-11-14 00:10:10+00:00,8773.619999999999,0.00209923
2019-11-14 00:10:11+00:00,8773.61,0.00478756
2019-11-14 00:10:12+00:00,8773.619999999999,0.0144302
2019-11-14 00:10:12+00:00,8773.619999999999,0.00791289
2019-11-14 00:10:14+00:00,8773.619999999999,0.01667255
2019-11-14 00:10:15+00:00,8773.619999999999,0.00589851
2019-11-14 00:10:18+00:00,8773.619999999999,0.00567168
2019-11-14 00:10:22+00:00,8773.619999999999,0.02181234
2019-11-14 00:10:22+00:00,8773.619999999999,0.06107295
2019-11-14 00:10:23+00:00,8773.619999999999,0.00170169
2019-11-14 00:10:29+00:00,8773.61,0.063
2019-11-14 00:10:30+00:00,8773.619999999999,0.00589851
2019-11-14 00:10:32+00:00,8773.61,0.00127488
2019-11-14 00:10:32+00:00,8773.619999999999,0.013632
2019-11-14 00:10:34+00:00,8773.619999999999,0.04469867
2019-11-14 00:10:40+00:00,8773.619999999999,0.0085109
2019-11-14 00:10:40+00:00,8773.619999999999,0.01439132
2019-11-14 00:10:44+00:00,8773.619999999999,0.00153218
2019-11-14 00:10:52+00:00,8773.619999999999,0.01636705
2019-11-14 00:10:58+00:00,8773.619999999999,0.00189749
2019-11-14 00:10:58+00:00,8773.619999999999,0.00770945
2019-11-14 00:10:59+00:00,8773.619999999999,0.00153218
2019-11-14 00:11:03+00:00,8773.619999999999,0.0037437
2019-11-14 00:11:05+00:00,8773.619999999999,0.00216
2019-11-14 00:11:05+00:00,8773.619999999999,0.011002
2019-11-14 00:11:06+00:00,8773.619999999999,0.01472301
2019-11-14 00:11:06+00:00,8773.619999999999,0.00237255
2019-11-14 00:11:08+00:00,8773.61,0.00851094
2019-11-14 00:11:09+00:00,8773.61,0.04479813
2019-11-14 00:11:09+00:00,8773.61,0.01381459
2019-11-14 00:11:10+00:00,8773.619999999999,0.02890052
2019-11-14 00:11:13+00:00,8773.61,0.02291018
2019-11-14 00:11:19+00:00,8773.619999999999,0.00119195
2019-11-14 00:11:20+00:00,8773.619999999999,0.00510394
2019-11-14 00:11:22+00:00,8773.619999999999,0.013632
2019-11-14 00:11:25+00:00,8773.61,0.00103199
2019-11-14 00:11:28+00:00,8773.619999999999,0.00266629
2019-11-14 00:11:30+00:00,8773.619999999999,0.00102479
2019-11-14 00:11:36+00:00,8773.619999999999,0.00544487
2019-11-14 00:11:38+00:00,8773.619999999999,0.02268219
2019-11-14 00:11:42+00:00,8773.619999999999,0.02181234
2019-11-14 00:11:46+00:00,8773.619999999999,0.02268333
2019-11-14 00:11:47+00:00,8773.619999999999,0.1765672
2019-11-14 00:11:47+00:00,8773.619999999999,0.03742685
2019-11-14 00:11:58+00:00,8773.61,0.01141794
2019-11-14 00:12:00+00:00,8773.61,0.05143116
2019-11-14 00:12:03+00:00,8773.619999999999,0.07634147
2019-11-14 00:12:09+00:00,8773.619999999999,0.00266629
2019-11-14 00:12:12+00:00,8773.619999999999,0.013632
2019-11-14 00:12:13+00:00,8773.619999999999,0.01472301
2019-11-14 00:12:13+00:00,8773.619999999999,0.43446703
2019-11-14 00:12:16+00:00,8773.619999999999,0.13632454
2019-11-14 00:12:16+00:00,8773.61,0.01472301
2019-11-14 00:12:20+00:00,8773.619999999999,0.01101448
2019-11-14 00:12:20+00:00,8773.619999999999,0.00172499
2019-11-14 00:12:21+00:00,8773.619999999999,0.00209948
2019-11-14 00:12:24+00:00,8773.619999999999,0.00407145
2019-11-14 00:12:25+00:00,8773.619999999999,0.02213
2019-11-14 00:12:25+00:00,8773.61,0.00274923
2019-11-14 00:12:27+00:00,8773.619999999999,0.00589851
2019-11-14 00:12:29+00:00,8773.61,0.00589851
2019-11-14 00:12:33+00:00,8773.619999999999,0.01383693
2019-11-14 00:12:37+00:00,8773.619999999999,0.01667255
2019-11-14 00:12:37+00:00,8773.619999999999,0.05565444
2019-11-14 00:12:43+00:00,8773.619999999999,0.00340346
2019-11-14 00:12:46+00:00,8773.619999999999,0.00209923
2019-11-14 00:12:46+00:00,8773.61,0.00340346
2019-11-14 00:13:02+00:00,8773.619999999999,0.0141775
2019-11-14 00:13:03+00:00,8773.619999999999,0.00241981
2019-11-14 00:13:03+00:00,8773.619999999999,0.0542854
2019-11-14 00:13:05+00:00,8773.619999999999,0.02057265
2019-11-14 00:13:10+00:00,8773.61,0.14655579
2019-11-14 00:13:10+00:00,8773.61,0.00114551
2019-11-14 00:13:10+00:00,8773.61,0.10450529
2019-11-14 00:13:12+00:00,8773.61,0.00216
2019-11-14 00:13:13+00:00,8773.61,0.00124113
2019-11-14 00:13:13+00:00,8773.61,0.01994376
2019-11-14 00:13:15+00:00,8773.619999999999,0.02181234
2019-11-14 00:13:18+00:00,8773.61,0.02057265
2019-11-14 00:13:19+00:00,8773.619999999999,0.00294982
2019-11-14 00:13:24+00:00,8773.619999999999,0.00599771
2019-11-14 00:13:24+00:00,8773.619999999999,0.0055
2019-11-14 00:13:24+00:00,8773.619999999999,0.00905247
2019-11-14 00:13:24+00:00,8773.619999999999,0.01423978
2019-11-14 00:13:28+00:00,8773.619999999999,0.00431076
2019-11-14 00:13:28+00:00,8773.630000000001,0.009
2019-11-14 00:13:28+00:00,8773.619999999999,1.12590946
2019-11-14 00:13:28+00:00,8773.619999999999,0.2
2019-11-14 00:13:30+00:00,8774.62,0.04105463
2019-11-14 00:13:30+00:00,8774.61,1.64083286
2019-11-14 00:13:30+00:00,8774.61,1.26535688
2019-11-14 00:13:30+00:00,8774.61,0.09381026
2019-11-14 00:13:31+00:00,8774.62,0.01133952
2019-11-14 00:13:34+00:00,8774.62,0.0114498
2019-11-14 00:13:35+00:00,8774.61,0.01399405
2019-11-14 00:13:35+00:00,8774.61,0.2
2019-11-14 00:13:37+00:00,8774.62,0.01100075
2019-11-14 00:13:37+00:00,8774.61,0.0114498
2019-11-14 00:13:40+00:00,8774.62,0.01417589
2019-11-14 00:13:41+00:00,8774.62,0.00197539
2019-11-14 00:13:43+00:00,8775.62,0.06976298
2019-11-14 00:13:43+00:00,8774.62,0.10900402
2019-11-14 00:13:44+00:00,8775.500000000002,0.01417589
2019-11-14 00:13:45+00:00,8775.61,0.00515
2019-11-14 00:13:47+00:00,8775.61,0.00431026
2019-11-14 00:13:48+00:00,8775.61,0.00317592
2019-11-14 00:13:52+00:00,8775.61,0.01308614
2019-11-14 00:13:53+00:00,8775.61,0.00266534
2019-11-14 00:13:56+00:00,8775.61,0.00453705
2019-11-14 00:13:57+00:00,8775.61,0.1259835
2019-11-14 00:13:57+00:00,8775.61,0.00430977
2019-11-14 00:14:00+00:00,8775.6,0.3429
2019-11-14 00:14:00+00:00,8775.6,0.00430977
2019-11-14 00:14:00+00:00,8775.61,0.01144851
2019-11-14 00:14:01+00:00,8775.61,0.01030855
2019-11-14 00:14:03+00:00,8775.61,0.00691763
2019-11-14 00:14:03+00:00,8775.62,0.0048767
2019-11-14 00:14:05+00:00,8776.62,0.2
2019-11-14 00:14:05+00:00,8776.6,0.01090436
2019-11-14 00:14:05+00:00,8775.62,0.12536032
2019-11-14 00:14:05+00:00,8777.17,0.243197
2019-11-14 00:14:06+00:00,8776.6,0.00499009
2019-11-14 00:14:20+00:00,8776.61,0.0109019
2019-11-14 00:14:22+00:00,8776.61,0.01645451
2019-11-14 00:14:23+00:00,8776.6,0.0109019
2019-11-14 00:14:25+00:00,8776.61,0.00566975
2019-11-14 00:14:26+00:00,8776.61,0.0058965
2019-11-14 00:14:28+00:00,8776.61,0.00209852
2019-11-14 00:14:30+00:00,8776.61,0.00209852
2019-11-14 00:14:34+00:00,8776.6,0.01145119
2019-11-14 00:14:37+00:00,8776.61,0.00209852
2019-11-14 00:14:39+00:00,8776.61,0.00317556
2019-11-14 00:14:40+00:00,8776.61,0.02233548
2019-11-14 00:14:42+00:00,8776.6,0.01254776
2019-11-14 00:14:43+00:00,8776.61,0.0223355
2019-11-14 00:14:43+00:00,8776.61,0.02251472
2019-11-14 00:14:43+00:00,8776.61,0.01351852
2019-11-14 00:14:44+00:00,8776.61,0.00153166
2019-11-14 00:14:45+00:00,8776.61,0.01099825
2019-11-14 00:14:50+00:00,8776.6,0.011
2019-11-14 00:14:50+00:00,8776.6,0.444561
2019-11-14 00:14:54+00:00,8776.61,0.02398505
2019-11-14 00:14:58+00:00,8776.6,0.01111128
2019-11-14 00:15:00+00:00,8776.6,0.02729345
2019-11-14 00:15:01+00:00,8776.6,0.00746996
2019-11-14 00:15:04+00:00,8776.6,0.02379467
2019-11-14 00:15:05+00:00,8776.61,0.005443
2019-11-14 00:15:10+00:00,8776.61,0.02180491
2019-11-14 00:15:11+00:00,8776.6,0.35454372
2019-11-14 00:15:14+00:00,8776.61,0.00573222
2019-11-14 00:15:18+00:00,8776.61,0.005443
2019-11-14 00:15:19+00:00,8776.61,0.00119154
2019-11-14 00:15:21+00:00,8776.61,0.00317556
2019-11-14 00:15:25+00:00,8776.61,0.01213197
2019-11-14 00:15:33+00:00,8776.61,0.05585402
2019-11-14 00:15:36+00:00,8776.61,0.01090188
2019-11-14 00:15:39+00:00,8776.61,0.01737398
2019-11-14 00:15:39+00:00,8776.61,0.04258866
2019-11-14 00:15:41+00:00,8776.6,0.15046922
2019-11-14 00:15:41+00:00,8776.61,0.00374242
2019-11-14 00:15:42+00:00,8776.0,0.68219971
2019-11-14 00:15:42+00:00,8776.6,4.46105976
2019-11-14 00:15:42+00:00,8776.6,0.15046922
2019-11-14 00:15:42+00:00,8774.0,6.194
2019-11-14 00:15:42+00:00,8776.6,0.99884024
2019-11-14 00:15:42+00:00,8776.6,0.00115976
2019-11-14 00:15:42+00:00,8776.6,0.005
2019-11-14 00:15:42+00:00,8774.61,0.008
2019-11-14 00:15:42+00:00,8776.0,0.31780029
2019-11-14 00:15:42+00:00,8774.62,0.00227
2019-11-14 00:15:42+00:00,8774.01,0.01526332
2019-11-14 00:15:42+00:00,8776.6,0.0011
2019-11-14 00:15:42+00:00,8776.6,0.005
2019-11-14 00:15:42+00:00,8776.6,0.70904024
2019-11-14 00:15:42+00:00,8774.0,0.36535141
2019-11-14 00:15:42+00:00,8776.6,0.28595976
2019-11-14 00:15:43+00:00,8774.0,0.7
2019-11-14 00:15:46+00:00,8774.01,0.01600581
2019-11-14 00:15:47+00:00,8774.0,0.00374242
2019-11-14 00:15:48+00:00,8774.01,0.00266504
2019-11-14 00:15:48+00:00,8774.01,0.00102148
2019-11-14 00:15:57+00:00,8774.01,0.05585402
2019-11-14 00:15:59+00:00,8774.01,0.00277958
2019-11-14 00:16:00+00:00,8774.01,0.00822823
2019-11-14 00:16:02+00:00,8774.01,0.04907415
2019-11-14 00:16:03+00:00,8774.01,0.08179064
2019-11-14 00:16:04+00:00,8774.01,0.00850544
2019-11-14 00:16:04+00:00,8774.01,0.02017574
2019-11-14 00:16:04+00:00,8774.01,0.00266617
2019-11-14 00:16:07+00:00,8774.01,0.00102179
2019-11-14 00:16:08+00:00,8774.0,0.7558089
2019-11-14 00:16:12+00:00,8774.01,0.0031765
2019-11-14 00:16:12+00:00,8774.01,0.02181136
2019-11-14 00:16:13+00:00,8774.01,0.00141871
2019-11-14 00:16:16+00:00,8774.01,0.00589824
2019-11-14 00:16:20+00:00,8774.01,0.00153211
2019-11-14 00:16:23+00:00,8774.01,0.00363012
2019-11-14 00:16:26+00:00,8774.0,0.00156613
2019-11-14 00:16:32+00:00,8774.0,0.01168368
2019-11-14 00:16:32+00:00,8774.01,0.00589824
2019-11-14 00:16:37+00:00,8774.01,0.00658095
2019-11-14 00:16:39+00:00,8774.01,0.00102179
2019-11-14 00:16:43+00:00,8774.01,0.05587057
2019-11-14 00:16:44+00:00,8774.0,0.18359676
2019-11-14 00:16:47+00:00,8774.01,0.02889923
2019-11-14 00:16:48+00:00,8774.01,0.01079625
2019-11-14 00:16:49+00:00,8774.01,0.01090511
2019-11-14 00:16:51+00:00,8774.01,0.00278583
2019-11-14 00:16:54+00:00,8774.01,0.01635767
2019-11-14 00:16:58+00:00,8774.01,0.00158379
2019-11-14 00:17:01+00:00,8774.01,0.05587057
2019-11-14 00:17:02+00:00,8774.0,0.1
2019-11-14 00:17:08+00:00,8774.01,0.01100151
2019-11-14 00:17:10+00:00,8774.0,0.0913321
2019-11-14 00:17:10+00:00,8774.01,1.02065348
2019-11-14 00:17:11+00:00,8774.01,0.06704446
2019-11-14 00:17:14+00:00,8774.01,0.01090511
2019-11-14 00:17:15+00:00,8774.0,0.01031051
2019-11-14 00:17:22+00:00,8774.01,0.01635767
2019-11-14 00:17:24+00:00,8774.01,0.0113406
2019-11-14 00:17:24+00:00,8774.01,0.01308704
2019-11-14 00:17:27+00:00,8774.01,0.005
2019-11-14 00:17:34+00:00,8774.01,0.01134031
2019-11-14 00:17:36+00:00,8774.01,0.01199608
2019-11-14 00:17:36+00:00,8774.0,0.0218038
2019-11-14 00:17:45+00:00,8774.01,0.00266583
2019-11-14 00:17:49+00:00,8774.01,0.02181136
2019-11-14 00:17:50+00:00,8774.0,0.00529483
2019-11-14 00:17:50+00:00,8774.01,0.00266617
2019-11-14 00:17:56+00:00,8774.01,0.01035963
2019-11-14 00:17:57+00:00,8774.01,0.00374353
2019-11-14 00:17:58+00:00,8774.0,0.01689881
2019-11-14 00:17:58+00:00,8774.0,0.01202732
2019-11-14 00:17:59+00:00,8774.0,0.00374353
2019-11-14 00:18:02+00:00,8774.01,0.01090511
2019-11-14 00:18:04+00:00,8774.0,0.15623666
2019-11-14 00:18:04+00:00,8774.0,0.18793034
2019-11-14 00:18:04+00:00,8774.0,0.004
2019-11-14 00:18:07+00:00,8774.01,0.05587057
2019-11-14 00:18:07+00:00,8774.01,0.00555803
2019-11-14 00:18:08+00:00,8774.0,0.00493855
2019-11-14 00:18:08+00:00,8774.01,0.01308704
2019-11-14 00:18:15+00:00,8774.01,0.01100151
2019-11-14 00:18:16+00:00,8774.0,0.00412152
2019-11-14 00:18:19+00:00,8774.01,0.00544335
2019-11-14 00:18:20+00:00,8776.61,0.2
2019-11-14 00:18:20+00:00,8776.61,0.002
2019-11-14 00:18:20+00:00,8774.02,0.2
2019-11-14 00:18:20+00:00,8774.01,0.82060585
2019-11-14 00:18:20+00:00,8774.270000000002,0.12263901
2019-11-14 00:18:20+00:00,8777.420000000002,0.04
2019-11-14 00:18:20+00:00,8775.61,0.12
2019-11-14 00:18:20+00:00,8776.76,0.0335228
2019-11-14 00:18:20+00:00,8774.01,0.18355514
2019-11-14 00:18:20+00:00,8775.62,0.2
2019-11-14 00:18:23+00:00,8782.68,0.00745588
2019-11-14 00:18:23+00:00,8782.68,0.01810911
2019-11-14 00:18:23+00:00,8781.76,0.2
2019-11-14 00:18:28+00:00,8780.350000000002,0.0115629
2019-11-14 00:18:30+00:00,8777.29,0.00255023
2019-11-14 00:18:32+00:00,8778.93,0.04430337
2019-11-14 00:18:32+00:00,8779.0,0.50256468
2019-11-14 00:18:32+00:00,8778.29,0.2
2019-11-14 00:18:32+00:00,8778.28,0.25171094
2019-11-14 00:18:32+00:00,8777.29,0.19744977
2019-11-14 00:18:34+00:00,8778.369999999999,0.87731674
2019-11-14 00:18:34+00:00,8778.02,0.2552593
2019-11-14 00:18:34+00:00,8778.369999999999,1.12268326
2019-11-14 00:18:34+00:00,8778.39,0.07982481
2019-11-14 00:18:35+00:00,8778.02,1.66491589
2019-11-14 00:18:36+00:00,8775.98,0.02725373
2019-11-14 00:18:37+00:00,8774.03,0.01144632
2019-11-14 00:18:37+00:00,8774.93,0.05450058
2019-11-14 00:18:38+00:00,8774.03,0.0010214
2019-11-14 00:18:38+00:00,8774.03,0.0217961
2019-11-14 00:18:40+00:00,8774.03,0.01962943
2019-11-14 00:18:42+00:00,8774.03,0.0031765
2019-11-14 00:18:44+00:00,8774.03,0.11174089
2019-11-14 00:18:45+00:00,8774.02,0.0031765
2019-11-14 00:18:47+00:00,8774.03,0.00374352
2019-11-14 00:18:47+00:00,8774.03,0.00266617
2019-11-14 00:18:50+00:00,8774.03,0.0588893
2019-11-14 00:18:52+00:00,8774.03,0.00153211
2019-11-14 00:18:55+00:00,8774.03,0.00771272
2019-11-14 00:18:58+00:00,8774.03,0.00243935
2019-11-14 00:18:59+00:00,8774.03,0.00589823
2019-11-14 00:19:00+00:00,8774.03,0.01145057
2019-11-14 00:19:03+00:00,8774.02,0.0025159
2019-11-14 00:19:03+00:00,8774.03,0.05506526
2019-11-14 00:19:03+00:00,8774.03,0.00419714
2019-11-14 00:19:06+00:00,8774.03,0.00453736
2019-11-14 00:19:07+00:00,8774.02,0.113973
2019-11-14 00:19:10+00:00,8774.03,0.01417685
2019-11-14 00:19:13+00:00,8774.02,0.01417685
2019-11-14 00:19:14+00:00,8774.03,0.02181131
2019-11-14 00:19:17+00:00,8774.03,0.00588011
2019-11-14 00:19:17+00:00,8774.03,0.0113983
2019-11-14 00:19:18+00:00,8774.03,0.00544448
2019-11-14 00:19:22+00:00,8774.03,0.02234205
2019-11-14 00:19:24+00:00,8774.03,0.01398775
2019-11-14 00:19:26+00:00,8774.02,0.02520003
2019-11-14 00:19:30+00:00,8774.03,0.00839315
2019-11-14 00:19:36+00:00,8774.03,0.00646525
2019-11-14 00:19:36+00:00,8774.03,0.00544461
2019-11-14 00:19:40+00:00,8774.03,0.10905431
2019-11-14 00:19:41+00:00,8774.03,0.03271641
2019-11-14 00:19:42+00:00,8774.03,0.00589823
2019-11-14 00:19:42+00:00,8774.03,0.00209913
2019-11-14 00:19:45+00:00,8774.02,0.00209913
2019-11-14 00:19:48+00:00,8774.03,0.10905431
2019-11-14 00:19:52+00:00,8774.02,0.14476947
2019-11-14 00:19:52+00:00,8774.03,0.087243
2019-11-14 00:19:55+00:00,8774.03,0.05
2019-11-14 00:19:55+00:00,8774.03,0.01213554
2019-11-14 00:19:59+00:00,8774.03,0.00198573
2019-11-14 00:20:01+00:00,8774.02,0.00294808
2019-11-14 00:20:02+00:00,8774.03,0.00175779
2019-11-14 00:20:05+00:00,8774.02,0.02934971
2019-11-14 00:20:05+00:00,8774.03,0.01090509
2019-11-14 00:20:08+00:00,8774.02,0.01090509
2019-11-14 00:20:09+00:00,8774.03,0.09382324
2019-11-14 00:20:09+00:00,8774.03,0.00367487
2019-11-14 00:20:12+00:00,8774.02,0.00253324
2019-11-14 00:20:13+00:00,8774.03,0.00187233
2019-11-14 00:20:16+00:00,8774.04,0.00288141
2019-11-14 00:20:16+00:00,8775.03,0.06042549
2019-11-14 00:20:16+00:00,8774.03,0.10430443
2019-11-14 00:20:16+00:00,8774.02,0.00187233
2019-11-14 00:20:20+00:00,8775.03,0.06704431
2019-11-14 00:20:21+00:00,8775.03,0.05452772
2019-11-14 00:20:22+00:00,8775.03,0.00266617
2019-11-14 00:20:28+00:00,8775.03,0.00589756
2019-11-14 00:20:28+00:00,8775.03,0.00175873
2019-11-14 00:20:29+00:00,8775.03,0.00768002
2019-11-14 00:20:29+00:00,8775.539999999999,0.01412881
2019-11-14 00:20:30+00:00,8775.53,0.00396988
2019-11-14 00:20:31+00:00,8775.52,0.05693966
2019-11-14 00:20:31+00:00,8775.52,0.00175873
2019-11-14 00:20:32+00:00,8775.52,0.02180883
2019-11-14 00:20:33+00:00,8775.52,0.00396988
2019-11-14 00:20:33+00:00,8775.53,0.00232568
2019-11-14 00:20:36+00:00,8775.53,0.04241894
2019-11-14 00:20:36+00:00,8775.53,0.00266571
2019-11-14 00:20:37+00:00,8775.53,0.05320992
2019-11-14 00:20:38+00:00,8775.52,0.00526819
2019-11-14 00:20:40+00:00,8775.53,0.0272592
2019-11-14 00:20:41+00:00,8775.53,0.00521691
2019-11-14 00:20:42+00:00,8775.52,0.0272592
2019-11-14 00:20:46+00:00,8775.53,0.00164523
2019-11-14 00:20:48+00:00,8775.53,0.01090322
2019-11-14 00:20:49+00:00,8775.0,0.04286442
2019-11-14 00:20:49+00:00,8775.52,0.0885408
2019-11-14 00:20:49+00:00,8775.01,0.08547009
2019-11-14 00:20:49+00:00,8775.52,0.02859013
2019-11-14 00:20:49+00:00,8775.52,0.01130987
2019-11-14 00:20:49+00:00,8775.0,0.07713558
2019-11-14 00:20:50+00:00,8774.0,0.09694289
2019-11-14 00:20:50+00:00,8774.01,0.11172203
2019-11-14 00:20:50+00:00,8774.0,0.04559286
2019-11-14 00:20:50+00:00,8774.02,0.00153863
2019-11-14 00:20:50+00:00,8774.02,0.14906704
2019-11-14 00:20:50+00:00,8774.01,0.00164523
2019-11-14 00:20:50+00:00,8774.02,0.012
2019-11-14 00:20:52+00:00,8774.01,0.00175862
2019-11-14 00:21:02+00:00,8774.0,0.002849
2019-11-14 00:21:04+00:00,8774.01,0.00102179
2019-11-14 00:21:05+00:00,8774.01,0.00170162
2019-11-14 00:21:07+00:00,8774.01,0.00363012
2019-11-14 00:21:09+00:00,8774.01,0.00340331
2019-11-14 00:21:12+00:00,8774.0,0.00340331
2019-11-14 00:21:16+00:00,8774.01,0.01090511
2019-11-14 00:21:19+00:00,8774.01,0.00310392
2019-11-14 00:21:21+00:00,8774.01,0.00930042
2019-11-14 00:21:30+00:00,8774.0,0.11974125
2019-11-14 00:21:30+00:00,8774.01,0.00759933
2019-11-14 00:21:32+00:00,8774.01,0.00266617
2019-11-14 00:21:34+00:00,8774.0,1.35
2019-11-14 00:21:36+00:00,8774.01,0.00266617
2019-11-14 00:21:37+00:00,8774.0,0.01645451
2019-11-14 00:21:38+00:00,8774.0,0.20504768
2019-11-14 00:21:39+00:00,8774.01,0.00266617
2019-11-14 00:21:44+00:00,8774.0,0.01137601
2019-11-14 00:21:44+00:00,8774.01,0.00861545
2019-11-14 00:21:47+00:00,8774.01,0.00986745
2019-11-14 00:21:50+00:00,8774.01,0.00544462
2019-11-14 00:21:53+00:00,8774.01,0.00102179
2019-11-14 00:21:56+00:00,8774.01,0.00158376
2019-11-14 00:22:01+00:00,8774.01,0.00589824
2019-11-14 00:22:05+00:00,8774.0,0.00589824
2019-11-14 00:22:08+00:00,8774.01,0.00646527
2019-11-14 00:22:15+00:00,8774.01,0.01090511
2019-11-14 00:22:27+00:00,8774.01,0.005
2019-11-14 00:22:27+00:00,8774.01,0.00930042
2019-11-14 00:22:27+00:00,8774.01,0.00766622
2019-11-14 00:22:27+00:00,8774.01,0.32716367
2019-11-14 00:22:27+00:00,8774.01,0.02135896
2019-11-14 00:22:28+00:00,8774.0,0.28636458
2019-11-14 00:22:33+00:00,8774.01,0.01526784
2019-11-14 00:22:33+00:00,8774.01,0.02726392
2019-11-14 00:22:34+00:00,8774.01,0.01962943
2019-11-14 00:22:35+00:00,8774.01,0.00374353
2019-11-14 00:22:39+00:00,8774.01,0.00110685
2019-11-14 00:22:40+00:00,8774.0,0.17669599
2019-11-14 00:22:46+00:00,8774.01,0.00544449
2019-11-14 00:22:49+00:00,8774.01,0.0011919
2019-11-14 00:22:52+00:00,8774.0,0.0011919
2019-11-14 00:22:53+00:00,8774.01,0.11631367
2019-11-14 00:22:54+00:00,8774.01,0.00589824
2019-11-14 00:22:54+00:00,8774.01,0.04362159
2019-11-14 00:22:55+00:00,8774.01,0.05670297
2019-11-14 00:22:55+00:00,8774.01,0.00209914
2019-11-14 00:22:56+00:00,8774.01,0.11174114
2019-11-14 00:22:57+00:00,8774.01,0.00102179
2019-11-14 00:23:01+00:00,8774.01,0.01326963
2019-11-14 00:23:02+00:00,8774.01,0.00872432
2019-11-14 00:23:03+00:00,8774.01,0.00431056
2019-11-14 00:23:07+00:00,8774.01,0.00544462
2019-11-14 00:23:08+00:00,8774.01,0.00158376
2019-11-14 00:23:10+00:00,8774.01,0.00266617
2019-11-14 00:23:17+00:00,8774.01,0.00209914
2019-11-14 00:23:19+00:00,8774.0,0.00158376
2019-11-14 00:23:23+00:00,8774.01,0.00397034
2019-11-14 00:23:28+00:00,8774.01,0.02797271
2019-11-14 00:23:29+00:00,8774.01,0.02055823
2019-11-14 00:23:32+00:00,8774.0,0.00150934
2019-11-14 00:23:32+00:00,8774.01,0.00340331
2019-11-14 00:23:33+00:00,8774.0,0.27802346
2019-11-14 00:23:36+00:00,8774.01,0.00340331
2019-11-14 00:23:38+00:00,8774.0,0.00340331
2019-11-14 00:23:40+00:00,8774.0,0.00160364
2019-11-14 00:23:40+00:00,8774.01,0.01645532
2019-11-14 00:23:46+00:00,8774.01,0.02234211
2019-11-14 00:23:46+00:00,8774.01,0.00410761
2019-11-14 00:23:48+00:00,8774.0,0.01191644
2019-11-14 00:23:48+00:00,8774.01,0.00187233
2019-11-14 00:23:48+00:00,8774.0,0.92702154
2019-11-14 00:23:49+00:00,8774.01,0.00544449
2019-11-14 00:23:50+00:00,8774.01,0.01363139
2019-11-14 00:23:51+00:00,8774.01,0.00164441
2019-11-14 00:23:54+00:00,8774.0,8.356e-05
2019-11-14 00:23:54+00:00,8774.0,0.00150181
2019-11-14 00:23:59+00:00,8774.0,0.01088982
2019-11-14 00:24:04+00:00,8774.01,0.00124914
2019-11-14 00:24:13+00:00,8774.0,0.00560837
2019-11-14 00:24:13+00:00,8774.0,0.00087364
2019-11-14 00:24:13+00:00,8774.01,0.06983765
2019-11-14 00:24:13+00:00,8774.0,0.01084695
2019-11-14 00:24:13+00:00,8774.0,0.01183405
2019-11-14 00:24:13+00:00,8774.0,0.009
2019-11-14 00:24:16+00:00,8774.01,0.27935286
2019-11-14 00:24:20+00:00,8774.01,0.02056898
2019-11-14 00:24:23+00:00,8774.0,0.028
2019-11-14 00:24:23+00:00,8774.0,0.031
2019-11-14 00:24:23+00:00,8771.2,0.02278205
2019-11-14 00:24:23+00:00,8774.0,0.015
2019-11-14 00:24:23+00:00,8774.0,0.01712636
2019-11-14 00:24:25+00:00,8771.25,0.01350797
2019-11-14 00:24:30+00:00,8771.710000000001,0.08384013
2019-11-14 00:24:30+00:00,8771.710000000001,0.01710963
2019-11-14 00:24:30+00:00,8771.710000000001,0.01248591
2019-11-14 00:24:30+00:00,8771.710000000001,0.00102206
2019-11-14 00:24:32+00:00,8771.710000000001,0.01090797
2019-11-14 00:24:34+00:00,8771.8,0.0110047
2019-11-14 00:24:38+00:00,8771.79,0.04875326
2019-11-14 00:24:38+00:00,8771.79,0.12323654
2019-11-14 00:24:47+00:00,8771.8,0.00283636
2019-11-14 00:24:47+00:00,8771.8,0.00209967
2019-11-14 00:24:49+00:00,8771.79,0.01640819
2019-11-14 00:24:51+00:00,8771.8,0.01635767
2019-11-14 00:24:53+00:00,8771.8,0.00278028
2019-11-14 00:24:59+00:00,8772.18,0.01090737
2019-11-14 00:25:00+00:00,8771.710000000001,0.0753386
2019-11-14 00:25:00+00:00,8771.79,0.002
2019-11-14 00:25:01+00:00,8771.8,0.01633379
2019-11-14 00:25:06+00:00,8771.8,0.00868393
2019-11-14 00:25:07+00:00,8771.8,0.00209967
2019-11-14 00:25:08+00:00,8771.8,0.02181686
2019-11-14 00:25:09+00:00,8772.25,1.42023315
2019-11-14 00:25:09+00:00,8772.990000000002,0.2
2019-11-14 00:25:09+00:00,8772.51,0.12
2019-11-14 00:25:09+00:00,8771.8,0.17608347
2019-11-14 00:25:09+00:00,8773.18,0.01700442
2019-11-14 00:25:09+00:00,8772.18,0.18909263
2019-11-14 00:25:10+00:00,8772.17,0.01633379
2019-11-14 00:25:10+00:00,8772.1,0.02181686
2019-11-14 00:25:12+00:00,8772.91,0.00340417
2019-11-14 00:25:14+00:00,8772.91,0.19659583
2019-11-14 00:25:14+00:00,8774.18,0.2
2019-11-14 00:25:14+00:00,8774.01,0.6
2019-11-14 00:25:14+00:00,8773.18,0.18299558
2019-11-14 00:25:14+00:00,8774.71,0.02651068
2019-11-14 00:25:19+00:00,8773.73,0.03970527
2019-11-14 00:25:22+00:00,8773.93,0.00442048
2019-11-14 00:25:26+00:00,8773.93,0.01439588
2019-11-14 00:25:27+00:00,8773.93,0.00294971
2019-11-14 00:25:28+00:00,8773.92,0.0491613
2019-11-14 00:25:28+00:00,8773.92,0.7508387
2019-11-14 00:25:30+00:00,8773.93,0.00567148
2019-11-14 00:25:31+00:00,8773.93,0.00926989
2019-11-14 00:25:31+00:00,8773.93,0.0183209
2019-11-14 00:25:35+00:00,8773.93,0.01633038
2019-11-14 00:25:36+00:00,8773.93,0.0026662
2019-11-14 00:25:39+00:00,8773.93,0.0368797
2019-11-14 00:25:40+00:00,8773.93,0.01090521
2019-11-14 00:25:42+00:00,8773.92,0.01090521
2019-11-14 00:25:43+00:00,8773.93,0.02181156
2019-11-14 00:25:44+00:00,8773.92,0.01592202
2019-11-14 00:25:45+00:00,8773.93,0.0020994
2019-11-14 00:25:45+00:00,8773.93,0.00544467
2019-11-14 00:25:47+00:00,8773.93,0.0147225
2019-11-14 00:25:51+00:00,8773.93,0.03411204
2019-11-14 00:25:51+00:00,8775.79,0.88201661
2019-11-14 00:25:51+00:00,8774.93,0.2
2019-11-14 00:25:52+00:00,8775.93,0.00544467
2019-11-14 00:25:55+00:00,8775.93,0.00130531
2019-11-14 00:25:56+00:00,8775.93,0.02234233
2019-11-14 00:25:57+00:00,8775.93,0.00272114
2019-11-14 00:25:59+00:00,8775.88,0.00454039
2019-11-14 00:25:59+00:00,8775.93,0.1117167
2019-11-14 00:25:59+00:00,8775.9,0.0053
2019-11-14 00:26:00+00:00,8775.93,0.00872241
2019-11-14 00:26:01+00:00,8776.13,0.00812115
2019-11-14 00:26:01+00:00,8775.93,0.04774744
2019-11-14 00:26:06+00:00,8775.92,0.00775293
2019-11-14 00:26:06+00:00,8775.92,0.00317581
2019-11-14 00:26:07+00:00,8775.92,0.00544343
2019-11-14 00:26:10+00:00,8775.91,0.00113859
2019-11-14 00:26:12+00:00,8775.92,0.022
2019-11-14 00:26:15+00:00,8775.92,0.2
2019-11-14 00:26:15+00:00,8775.92,0.21799206
2019-11-14 00:26:15+00:00,8775.92,0.15072508
2019-11-14 00:26:15+00:00,8775.92,0.01090275
2019-11-14 00:26:16+00:00,8775.92,0.00816459
2019-11-14 00:26:20+00:00,8775.91,0.00561962
2019-11-14 00:26:23+00:00,8775.92,0.02180662
2019-11-14 00:26:24+00:00,8775.92,0.01133926
2019-11-14 00:26:26+00:00,8775.91,0.00103223
2019-11-14 00:26:31+00:00,8775.92,0.00102503
2019-11-14 00:26:32+00:00,8775.92,0.00102156
2019-11-14 00:26:34+00:00,8775.92,0.05585841
2019-11-14 00:26:34+00:00,8775.92,0.00714301
2019-11-14 00:26:34+00:00,8775.92,0.05580772
2019-11-14 00:26:35+00:00,8775.91,0.00220956
2019-11-14 00:26:35+00:00,8775.91,0.0433358
2019-11-14 00:26:39+00:00,8775.92,0.00283566
2019-11-14 00:26:41+00:00,8775.92,0.00631193
2019-11-14 00:26:45+00:00,8775.92,0.00317581
2019-11-14 00:26:46+00:00,8775.92,0.03812857
2019-11-14 00:26:51+00:00,8775.92,0.00589696
2019-11-14 00:26:54+00:00,8775.92,0.00374272
2019-11-14 00:26:54+00:00,8775.92,0.00221207
2019-11-14 00:26:54+00:00,8775.92,0.02233724
2019-11-14 00:26:56+00:00,8775.92,0.00266559
2019-11-14 00:26:59+00:00,8775.91,0.00266559
2019-11-14 00:27:02+00:00,8775.92,0.12374735
2019-11-14 00:27:07+00:00,8775.92,0.01090275
2019-11-14 00:27:13+00:00,8775.92,0.00374272
2019-11-14 00:27:14+00:00,8775.73,0.021
2019-11-14 00:27:14+00:00,8775.9,0.008
2019-11-14 00:27:14+00:00,8773.0,0.12
2019-11-14 00:27:14+00:00,8775.859999999999,0.01253884
2019-11-14 00:27:14+00:00,8771.96,0.87527138
2019-11-14 00:27:14+00:00,8775.91,0.05333441
2019-11-14 00:27:14+00:00,8771.969999999998,0.12472862
2019-11-14 00:27:14+00:00,8772.9,1.27091783
2019-11-14 00:27:16+00:00,8772.92,0.00544343
2019-11-14 00:27:16+00:00,8772.7,0.01799021
2019-11-14 00:27:16+00:00,8772.69,0.00130501
2019-11-14 00:27:17+00:00,8772.69,0.02725799
2019-11-14 00:27:21+00:00,8771.93,0.00283557
2019-11-14 00:27:26+00:00,8772.09,0.00102156
2019-11-14 00:27:29+00:00,8772.1,0.00102201
2019-11-14 00:27:32+00:00,8772.09,0.00317719
2019-11-14 00:27:34+00:00,8772.09,0.02098693
2019-11-14 00:27:34+00:00,8771.92,0.00131759
2019-11-14 00:27:34+00:00,8771.91,0.34371919
2019-11-14 00:27:38+00:00,8772.1,0.005
2019-11-14 00:27:42+00:00,8771.92,0.05588305
2019-11-14 00:27:42+00:00,8771.92,0.01090749
2019-11-14 00:27:44+00:00,8771.85,0.00544581
2019-11-14 00:27:47+00:00,8771.710000000001,0.00544605
2019-11-14 00:27:48+00:00,8771.89,0.01436406
2019-11-14 00:27:49+00:00,8771.89,0.02181708
2019-11-14 00:27:52+00:00,8771.73,0.00136637
2019-11-14 00:27:53+00:00,8771.89,0.00209969
2019-11-14 00:27:55+00:00,8771.76,0.05029521
2019-11-14 00:27:55+00:00,8771.76,0.00544593
2019-11-14 00:27:58+00:00,8771.76,0.00410856
2019-11-14 00:27:59+00:00,8771.76,0.0223475
2019-11-14 00:28:00+00:00,8771.75,0.054
2019-11-14 00:28:00+00:00,8771.75,0.01
2019-11-14 00:28:00+00:00,8771.75,0.009
2019-11-14 00:28:01+00:00,8771.76,0.00209968
2019-11-14 00:28:07+00:00,8771.76,0.00107877
2019-11-14 00:28:10+00:00,8771.76,0.00209968
2019-11-14 00:28:10+00:00,8771.75,0.20593998
2019-11-14 00:28:10+00:00,8771.76,0.1693517
2019-11-14 00:28:11+00:00,8771.75,0.00410856
2019-11-14 00:28:11+00:00,8771.75,0.00147371
2019-11-14 00:28:14+00:00,8771.710000000001,0.08726557
2019-11-14 00:28:20+00:00,8771.710000000001,0.00544605
2019-11-14 00:28:21+00:00,8771.710000000001,0.01090797
2019-11-14 00:28:23+00:00,8771.710000000001,0.00544605
2019-11-14 00:28:29+00:00,8771.710000000001,0.00544605
2019-11-14 00:28:33+00:00,8771.699999999999,0.001
2019-11-14 00:28:33+00:00,8771.699999999999,0.014
2019-11-14 00:28:33+00:00,8771.699999999999,0.003
2019-11-14 00:28:34+00:00,8771.25,0.0110044
2019-11-14 00:28:34+00:00,8771.25,0.00431159
2019-11-14 00:28:35+00:00,8771.25,0.00102261
2019-11-14 00:28:38+00:00,8771.25,0.00374451
2019-11-14 00:28:39+00:00,8771.25,0.00102206
2019-11-14 00:28:50+00:00,8771.25,0.00555948
2019-11-14 00:28:51+00:00,8771.25,0.01144811
2019-11-14 00:28:52+00:00,8771.25,0.03353158
2019-11-14 00:28:53+00:00,8771.24,0.00178686
2019-11-14 00:28:53+00:00,8771.24,0.001
2019-11-14 00:28:54+00:00,8771.25,0.00410886
2019-11-14 00:28:59+00:00,8771.25,0.00760172
2019-11-14 00:29:02+00:00,8771.24,0.01
2019-11-14 00:29:02+00:00,8769.409999999998,0.09180467
2019-11-14 00:29:02+00:00,8766.79,0.01145732
2019-11-14 00:29:02+00:00,8766.860000000002,0.12451377
2019-11-14 00:29:02+00:00,8766.849999999999,0.11735837
2019-11-14 00:29:02+00:00,8771.24,0.00321314
2019-11-14 00:29:05+00:00,8767.75,0.0695
2019-11-14 00:29:08+00:00,8767.76,0.01088968
2019-11-14 00:29:08+00:00,8767.76,0.01145732
2019-11-14 00:29:10+00:00,8767.76,0.00556199
2019-11-14 00:29:13+00:00,8767.76,0.01100498
2019-11-14 00:29:14+00:00,8767.76,0.01301377
2019-11-14 00:29:15+00:00,8767.76,0.00372522
2019-11-14 00:29:15+00:00,8767.76,0.00550305
2019-11-14 00:29:19+00:00,8767.76,0.00107926
2019-11-14 00:29:21+00:00,8767.75,0.02212196
2019-11-14 00:29:22+00:00,8767.76,0.02235805
2019-11-14 00:29:24+00:00,8767.75,0.01510275
2019-11-14 00:29:24+00:00,8767.76,0.00894843
2019-11-14 00:29:24+00:00,8767.75,0.1823341
2019-11-14 00:29:24+00:00,8767.76,0.02269735
2019-11-14 00:29:25+00:00,8767.76,0.00294929
2019-11-14 00:29:26+00:00,8767.76,0.01134868
2019-11-14 00:29:27+00:00,8767.75,0.00266807
2019-11-14 00:29:29+00:00,8767.76,0.00431363
2019-11-14 00:29:33+00:00,8767.75,0.00745078
2019-11-14 00:29:36+00:00,8767.76,0.01100935
2019-11-14 00:29:37+00:00,8767.76,0.00817218
2019-11-14 00:29:38+00:00,8767.76,0.0982194
2019-11-14 00:29:39+00:00,8767.76,0.02238502
2019-11-14 00:29:41+00:00,8767.76,0.01364111
2019-11-14 00:29:44+00:00,8767.76,0.00102252
2019-11-14 00:29:46+00:00,8767.76,0.02728335
2019-11-14 00:29:48+00:00,8767.75,0.02728335
2019-11-14 00:29:51+00:00,8767.75,0.0303
2019-11-14 00:29:51+00:00,8767.72,0.01091289
2019-11-14 00:29:51+00:00,8767.75,0.09579023
2019-11-14 00:29:53+00:00,8767.25,0.00317877
2019-11-14 00:29:53+00:00,8767.24,0.00452366
2019-11-14 00:29:56+00:00,8767.24,0.00317877
2019-11-14 00:29:57+00:00,8767.25,0.00266823
2019-11-14 00:30:00+00:00,8767.24,0.00266823
2019-11-14 00:30:00+00:00,8767.25,0.55884789
2019-11-14 00:30:13+00:00,8767.25,0.01145942
2019-11-14 00:30:15+00:00,8767.25,0.00317895
2019-11-14 00:30:21+00:00,8767.24,0.006235
2019-11-14 00:30:22+00:00,8767.25,0.00364767
2019-11-14 00:30:22+00:00,8767.25,0.0056758
2019-11-14 00:30:22+00:00,8767.25,0.00544882
2019-11-14 00:30:35+00:00,8766.01,0.00113621
2019-11-14 00:30:35+00:00,8766.01,0.00157788
2019-11-14 00:30:42+00:00,8766.01,0.02728881
2019-11-14 00:30:44+00:00,8766.01,0.00568395
2019-11-14 00:30:45+00:00,8766.0,0.02728881
2019-11-14 00:31:05+00:00,8766.01,0.0031794
2019-11-14 00:31:05+00:00,8766.01,0.00544959
2019-11-14 00:31:11+00:00,8766.01,0.00278212
2019-11-14 00:31:15+00:00,8766.01,0.11161507
2019-11-14 00:31:20+00:00,8766.01,0.02728881
2019-11-14 00:31:22+00:00,8766.01,0.00153319
2019-11-14 00:31:22+00:00,8766.0,0.02054288
2019-11-14 00:31:23+00:00,8766.01,0.00351993
2019-11-14 00:31:25+00:00,8766.01,0.00102272
2019-11-14 00:31:27+00:00,8766.01,0.0043145
2019-11-14 00:31:30+00:00,8766.01,0.01135208
2019-11-14 00:31:32+00:00,8766.01,0.00295238
2019-11-14 00:31:32+00:00,8766.0,0.0043145
2019-11-14 00:31:39+00:00,8766.0,0.00443381
2019-11-14 00:31:39+00:00,8765.0,0.00636619
2019-11-14 00:31:42+00:00,8765.01,0.0223625
2019-11-14 00:31:47+00:00,8765.0,0.12014263
2019-11-14 00:31:47+00:00,8762.94,0.001
2019-11-14 00:31:47+00:00,8762.57,0.33281899
2019-11-14 00:31:47+00:00,8763.17,0.003
2019-11-14 00:31:48+00:00,8763.55,0.00102284
2019-11-14 00:31:54+00:00,8763.58,0.00431569
2019-11-14 00:31:55+00:00,8763.58,0.05593119
2019-11-14 00:31:55+00:00,8763.58,0.00454163
2019-11-14 00:31:57+00:00,8763.57,0.00431569
2019-11-14 00:31:57+00:00,8763.57,0.02973809
2019-11-14 00:31:58+00:00,8763.57,0.008
2019-11-14 00:32:00+00:00,8763.57,0.01845874
2019-11-14 00:32:03+00:00,8763.58,0.13521149
2019-11-14 00:32:03+00:00,8763.58,0.10678296
2019-11-14 00:32:03+00:00,8763.58,0.08850027
2019-11-14 00:32:03+00:00,8763.58,0.001023
2019-11-14 00:32:06+00:00,8763.58,0.00102355
2019-11-14 00:32:12+00:00,8763.58,0.02802757
2019-11-14 00:32:17+00:00,8763.57,0.00644465
2019-11-14 00:32:20+00:00,8763.58,0.00567818
2019-11-14 00:32:20+00:00,8763.58,0.00465631
2019-11-14 00:32:24+00:00,8763.58,0.01201036
2019-11-14 00:32:25+00:00,8763.58,0.00266934
2019-11-14 00:32:25+00:00,8763.58,0.001023
2019-11-14 00:32:26+00:00,8763.58,0.00408974
2019-11-14 00:32:27+00:00,8763.57,0.00266934
2019-11-14 00:32:28+00:00,8763.57,0.01201036
2019-11-14 00:32:28+00:00,8763.58,0.00567704
2019-11-14 00:32:31+00:00,8763.58,0.06005179
2019-11-14 00:32:31+00:00,8763.57,0.00481665
2019-11-14 00:32:33+00:00,8763.58,1.00020893
2019-11-14 00:32:34+00:00,8763.58,0.03002589
2019-11-14 00:32:39+00:00,8763.58,0.00579172
2019-11-14 00:32:52+00:00,8763.58,0.19420828
2019-11-14 00:32:52+00:00,8765.0,0.01237867
2019-11-14 00:32:52+00:00,8765.0,0.6
2019-11-14 00:32:52+00:00,8764.17,0.2
2019-11-14 00:32:54+00:00,8764.05,0.05734108
2019-11-14 00:32:56+00:00,8764.56,0.10208691
2019-11-14 00:32:57+00:00,8764.58,0.00102344
2019-11-14 00:32:57+00:00,8764.19,0.00108985
2019-11-14 00:32:59+00:00,8764.58,0.00556401
2019-11-14 00:32:59+00:00,8764.57,0.01450025
2019-11-14 00:33:02+00:00,8764.58,0.00210164
2019-11-14 00:33:04+00:00,8764.58,0.00545109
2019-11-14 00:33:07+00:00,8764.58,0.00144295
2019-11-14 00:33:09+00:00,8764.58,0.0087337
2019-11-14 00:33:19+00:00,8764.58,0.01419213
2019-11-14 00:33:21+00:00,8764.58,0.00295287
2019-11-14 00:33:24+00:00,8764.57,0.02284341
2019-11-14 00:33:27+00:00,8764.57,0.00419762
2019-11-14 00:33:30+00:00,8764.57,0.03268068
2019-11-14 00:33:32+00:00,8764.58,0.00317992
2019-11-14 00:33:39+00:00,8764.58,0.01211797
2019-11-14 00:33:40+00:00,8764.58,0.05458652
2019-11-14 00:33:40+00:00,8764.58,0.0011389
2019-11-14 00:33:40+00:00,8764.58,0.00153376
2019-11-14 00:33:44+00:00,8764.58,0.00266904
2019-11-14 00:33:44+00:00,8764.58,0.01101334
2019-11-14 00:33:45+00:00,8764.58,0.01091685
2019-11-14 00:33:47+00:00,8764.58,0.00647223
2019-11-14 00:33:50+00:00,8764.57,0.03898749
2019-11-14 00:33:54+00:00,8764.58,0.04912696
2019-11-14 00:34:00+00:00,8764.58,0.00107965
2019-11-14 00:34:01+00:00,8764.58,0.00074745
2019-11-14 00:34:01+00:00,8764.58,0.00470303
2019-11-14 00:34:03+00:00,8764.58,0.01091685
2019-11-14 00:34:09+00:00,8764.58,0.22372274
2019-11-14 00:34:11+00:00,8764.58,0.04474246
2019-11-14 00:34:11+00:00,8764.57,0.33749287
2019-11-14 00:34:15+00:00,8764.58,0.00431519
2019-11-14 00:34:17+00:00,8764.57,0.00431519
2019-11-14 00:34:17+00:00,8764.58,0.00119317
2019-11-14 00:34:24+00:00,8764.58,0.05481244
2019-11-14 00:34:31+00:00,8764.58,0.00647219
2019-11-14 00:34:32+00:00,8764.57,0.00149069
2019-11-14 00:34:33+00:00,8764.58,0.01801348
2019-11-14 00:34:34+00:00,8764.58,0.01910562
2019-11-14 00:34:34+00:00,8764.58,0.21482994
2019-11-14 00:34:34+00:00,8764.58,0.00112847
2019-11-14 00:34:34+00:00,8764.58,0.06482348
2019-11-14 00:34:41+00:00,8764.58,0.05458652
2019-11-14 00:34:41+00:00,8764.58,0.00378388
2019-11-14 00:34:41+00:00,8764.58,0.00545048
2019-11-14 00:34:46+00:00,8764.57,0.00240805
2019-11-14 00:34:48+00:00,8764.58,0.01146292
2019-11-14 00:34:51+00:00,8764.58,0.0021014
2019-11-14 00:34:52+00:00,8764.58,0.01646414
2019-11-14 00:34:52+00:00,8764.58,0.01091685
2019-11-14 00:34:54+00:00,8764.58,0.00266904
2019-11-14 00:34:56+00:00,8764.57,0.01091685
2019-11-14 00:34:57+00:00,8764.57,0.00266904
2019-11-14 00:35:00+00:00,8764.58,0.02774129
2019-11-14 00:35:00+00:00,8764.58,0.00719354
2019-11-14 00:35:03+00:00,8764.58,0.01637527
2019-11-14 00:35:04+00:00,8764.58,0.00411003
2019-11-14 00:35:04+00:00,8764.57,0.02260852
2019-11-14 00:35:09+00:00,8764.58,0.00743546
2019-11-14 00:35:16+00:00,8764.58,0.01091685
2019-11-14 00:35:17+00:00,8764.58,0.00488284
2019-11-14 00:35:18+00:00,8764.58,0.01091685
2019-11-14 00:35:19+00:00,8764.58,0.01350154
2019-11-14 00:35:23+00:00,8764.58,0.00545048
2019-11-14 00:35:28+00:00,8764.57,0.019
2019-11-14 00:35:28+00:00,8764.57,0.09184418
2019-11-14 00:35:32+00:00,8764.58,0.00545048
2019-11-14 00:35:33+00:00,8764.58,0.00214113
2019-11-14 00:35:37+00:00,8764.58,0.00647337
2019-11-14 00:35:37+00:00,8764.57,0.0102666
2019-11-14 00:35:43+00:00,8764.58,0.03076153
2019-11-14 00:35:44+00:00,8764.58,0.01637527
2019-11-14 00:35:47+00:00,8764.58,0.00499637
2019-11-14 00:35:47+00:00,8764.57,0.01637527
2019-11-14 00:35:48+00:00,8764.58,0.01101334
2019-11-14 00:35:49+00:00,8764.58,0.00158469
2019-11-14 00:35:53+00:00,8764.58,0.00232846
2019-11-14 00:35:54+00:00,8764.58,0.00431519
2019-11-14 00:35:56+00:00,8764.57,0.004558
2019-11-14 00:35:56+00:00,8764.58,0.05715284
2019-11-14 00:35:56+00:00,8764.58,0.00817514
2019-11-14 00:35:56+00:00,8764.57,0.00232846
2019-11-14 00:35:57+00:00,8764.58,0.01583034
2019-11-14 00:35:59+00:00,8764.58,0.02292584
2019-11-14 00:36:00+00:00,8764.58,0.01214863
2019-11-14 00:36:01+00:00,8764.57,0.034184
2019-11-14 00:36:02+00:00,8764.58,0.02183484
2019-11-14 00:36:08+00:00,8764.57,0.00599575
2019-11-14 00:36:08+00:00,8764.58,0.01091685
2019-11-14 00:36:09+00:00,8764.58,0.00817514
2019-11-14 00:36:31+00:00,8763.58,0.00766628
2019-11-14 00:36:33+00:00,8763.58,0.01101461
2019-11-14 00:36:36+00:00,8763.58,0.00988053
2019-11-14 00:36:37+00:00,8763.57,0.0399645
2019-11-14 00:36:39+00:00,8763.58,0.01037196
2019-11-14 00:36:45+00:00,8763.61,0.00266934
2019-11-14 00:36:50+00:00,8763.61,0.001023
2019-11-14 00:36:51+00:00,8763.61,0.01908328
2019-11-14 00:36:53+00:00,8763.61,0.02183725
2019-11-14 00:36:54+00:00,8763.61,0.00318028
2019-11-14 00:36:55+00:00,8763.61,0.001023
2019-11-14 00:37:04+00:00,8763.61,0.05593688
2019-11-14 00:37:08+00:00,8763.6,0.02293635
2019-11-14 00:37:09+00:00,8763.61,0.0283874
2019-11-14 00:37:10+00:00,8763.61,0.02270924
2019-11-14 00:37:12+00:00,8763.61,0.00142854
2019-11-14 00:37:14+00:00,8763.6,0.03992566
2019-11-14 00:37:15+00:00,8763.61,0.00431567
2019-11-14 00:37:15+00:00,8763.61,0.01015393
2019-11-14 00:37:17+00:00,8763.61,0.00783543
2019-11-14 00:37:18+00:00,8763.6,0.00431567
2019-11-14 00:37:22+00:00,8763.61,0.00158956
2019-11-14 00:37:23+00:00,8763.61,0.00982694
2019-11-14 00:37:24+00:00,8763.61,0.00545108
2019-11-14 00:37:25+00:00,8763.61,0.01475869
2019-11-14 00:37:25+00:00,8763.61,0.05236533
2019-11-14 00:37:27+00:00,8763.61,0.03356258
2019-11-14 00:37:27+00:00,8763.6,0.00545108
2019-11-14 00:37:28+00:00,8763.61,0.01101457
2019-11-14 00:37:30+00:00,8763.61,0.01310258
2019-11-14 00:37:31+00:00,8763.61,0.0327553
2019-11-14 00:37:33+00:00,8763.6,0.01501186
2019-11-14 00:37:34+00:00,8763.61,0.02009781
2019-11-14 00:37:37+00:00,8763.61,0.01201032
2019-11-14 00:37:42+00:00,8763.6,0.10265155
2019-11-14 00:37:45+00:00,8763.61,0.00232872
2019-11-14 00:37:45+00:00,8763.6,0.01237203
2019-11-14 00:37:45+00:00,8763.6,0.69860877
2019-11-14 00:37:46+00:00,8763.61,0.00244226
2019-11-14 00:37:48+00:00,8763.6,0.00232872
2019-11-14 00:37:49+00:00,8763.6,0.00244226
2019-11-14 00:37:51+00:00,8763.61,0.0011354
2019-11-14 00:37:53+00:00,8763.61,0.00545108
2019-11-14 00:37:56+00:00,8763.61,0.00227081
2019-11-14 00:37:58+00:00,8763.61,0.04474973
2019-11-14 00:38:02+00:00,8763.61,0.02456677
2019-11-14 00:38:03+00:00,8763.61,0.0040886
2019-11-14 00:38:03+00:00,8763.61,0.01089989
2019-11-14 00:38:06+00:00,8763.61,0.00208559
2019-11-14 00:38:08+00:00,8763.61,0.11187375
2019-11-14 00:38:08+00:00,8763.61,0.01101457
2019-11-14 00:38:11+00:00,8763.61,0.00556102
2019-11-14 00:38:11+00:00,8763.61,0.01734507
2019-11-14 00:38:16+00:00,8763.61,0.00266933
2019-11-14 00:38:19+00:00,8763.61,0.00590524
2019-11-14 00:38:23+00:00,8764.57,0.01784577
2019-11-14 00:38:23+00:00,8763.6,0.03492519
2019-11-14 00:38:23+00:00,8763.61,0.00399017
2019-11-14 00:38:24+00:00,8764.57,0.00184503
2019-11-14 00:38:26+00:00,8764.56,0.02183594
2019-11-14 00:38:28+00:00,8764.58,0.00314128
2019-11-14 00:38:28+00:00,8764.57,0.0023092
2019-11-14 00:38:29+00:00,8764.56,0.00126035
2019-11-14 00:38:29+00:00,8764.58,0.00590459
2019-11-14 00:38:33+00:00,8764.56,0.01834708
2019-11-14 00:38:38+00:00,8764.58,0.00317992
2019-11-14 00:38:40+00:00,8764.58,0.00143069
2019-11-14 00:38:41+00:00,8764.56,0.05559784
2019-11-14 00:38:42+00:00,8767.25,0.023
2019-11-14 00:38:42+00:00,8767.180000000002,0.2
2019-11-14 00:38:42+00:00,8766.01,0.25
2019-11-14 00:38:42+00:00,8764.609999999999,0.2
2019-11-14 00:38:42+00:00,8765.61,0.2
2019-11-14 00:38:42+00:00,8767.25,1.17530034
2019-11-14 00:38:42+00:00,8764.58,0.26296121
2019-11-14 00:38:42+00:00,8766.61,0.2
2019-11-14 00:38:42+00:00,8767.24,0.12
2019-11-14 00:38:42+00:00,8764.59,0.01726897
2019-11-14 00:38:42+00:00,8765.950000000003,0.21228909
2019-11-14 00:38:42+00:00,8767.25,0.00589445
2019-11-14 00:38:42+00:00,8766.1,0.5
2019-11-14 00:38:42+00:00,8766.02,0.6
2019-11-14 00:38:45+00:00,8767.75,0.01091685
2019-11-14 00:38:45+00:00,8767.75,0.01091685
2019-11-14 00:38:51+00:00,8767.75,0.00569247
2019-11-14 00:38:54+00:00,8767.75,0.03492219
2019-11-14 00:38:55+00:00,8767.75,0.03132125
2019-11-14 00:38:56+00:00,8767.74,0.06539422
2019-11-14 00:38:59+00:00,8767.75,0.00374622
2019-11-14 00:39:00+00:00,8767.75,0.00431364
2019-11-14 00:39:00+00:00,8767.75,0.02170211
2019-11-14 00:39:04+00:00,8767.75,0.00544851
2019-11-14 00:39:05+00:00,8767.75,0.01636935
2019-11-14 00:39:11+00:00,8767.75,0.00476758
2019-11-14 00:39:12+00:00,8767.75,0.01316974
2019-11-14 00:39:14+00:00,8767.74,0.04156373
2019-11-14 00:39:16+00:00,8767.75,0.02795472
2019-11-14 00:39:17+00:00,8767.75,0.00318027
2019-11-14 00:39:23+00:00,8767.74,0.00267426
2019-11-14 00:39:24+00:00,8767.75,0.01078987
2019-11-14 00:39:24+00:00,8767.75,0.00557825
2019-11-14 00:39:24+00:00,8767.75,0.00317877
2019-11-14 00:39:26+00:00,8767.75,0.00210065
2019-11-14 00:39:27+00:00,8767.75,0.02182544
2019-11-14 00:39:34+00:00,8767.75,0.01527875
2019-11-14 00:39:36+00:00,8767.75,0.0271472
2019-11-14 00:39:36+00:00,8767.75,0.00266808
2019-11-14 00:39:41+00:00,8767.75,0.0024411
2019-11-14 00:39:41+00:00,8767.75,0.00239911
2019-11-14 00:39:41+00:00,8767.75,0.02182694
2019-11-14 00:39:43+00:00,8767.75,0.0048798
2019-11-14 00:39:46+00:00,8767.75,0.02455516
2019-11-14 00:39:47+00:00,8767.74,0.01360491
2019-11-14 00:39:47+00:00,8767.74,0.01789423
2019-11-14 00:39:49+00:00,8767.75,0.01091291
2019-11-14 00:39:50+00:00,8767.75,0.00431364
2019-11-14 00:39:57+00:00,8767.75,0.01100936
2019-11-14 00:39:58+00:00,8767.75,0.00134023
2019-11-14 00:40:01+00:00,8767.74,0.63998776
2019-11-14 00:40:03+00:00,8767.75,0.07122772
2019-11-14 00:40:03+00:00,8768.73,0.35045376
2019-11-14 00:40:03+00:00,8768.75,0.02698868
2019-11-14 00:40:05+00:00,8768.74,0.00317877
2019-11-14 00:40:05+00:00,8768.74,0.04092452
2019-11-14 00:40:11+00:00,8768.74,0.01173028
2019-11-14 00:40:11+00:00,8768.74,0.029
2019-11-14 00:40:13+00:00,8768.74,0.14185624
2019-11-14 00:40:17+00:00,8768.74,0.2347972
2019-11-14 00:40:20+00:00,8768.74,0.0076039
2019-11-14 00:40:23+00:00,8768.74,0.00266777
2019-11-14 00:40:23+00:00,8768.74,0.00927537
2019-11-14 00:40:23+00:00,8768.73,0.0076039
2019-11-14 00:40:27+00:00,8768.74,0.00198694
2019-11-14 00:40:27+00:00,8768.74,0.00590179
2019-11-14 00:40:28+00:00,8768.74,0.03971593
2019-11-14 00:40:29+00:00,8768.74,0.02728031
2019-11-14 00:40:35+00:00,8768.74,0.01305179
2019-11-14 00:40:36+00:00,8770.86,0.01953142
2019-11-14 00:40:36+00:00,8768.74,0.03102919
2019-11-14 00:40:36+00:00,8769.0,0.004
2019-11-14 00:40:36+00:00,8770.86,0.0288
2019-11-14 00:40:38+00:00,8770.86,0.00544644
2019-11-14 00:40:38+00:00,8770.86,0.00153235
2019-11-14 00:40:45+00:00,8770.86,0.04543992
2019-11-14 00:40:47+00:00,8770.86,0.00266713
2019-11-14 00:40:50+00:00,8770.86,0.00255368
2019-11-14 00:40:55+00:00,8770.85,0.02825132
2019-11-14 00:40:59+00:00,8770.86,0.00544658
2019-11-14 00:41:00+00:00,8770.86,0.06068389
2019-11-14 00:41:01+00:00,8770.86,0.06595108
2019-11-14 00:41:03+00:00,8770.86,0.01090903
2019-11-14 00:41:03+00:00,8770.86,0.00558896
2019-11-14 00:41:04+00:00,8770.85,0.06704446
2019-11-14 00:41:07+00:00,8770.86,0.00760206
2019-11-14 00:41:07+00:00,8770.86,0.22909648
2019-11-14 00:41:11+00:00,8770.85,0.00760206
2019-11-14 00:41:12+00:00,8770.85,0.02148743
2019-11-14 00:41:13+00:00,8770.86,0.00102216
2019-11-14 00:41:14+00:00,8770.85,0.00458348
2019-11-14 00:41:16+00:00,8770.86,0.0020999
2019-11-14 00:41:16+00:00,8770.86,0.00590036
2019-11-14 00:41:17+00:00,8770.85,0.00401418
2019-11-14 00:41:22+00:00,8771.710000000001,0.0189819
2019-11-14 00:41:25+00:00,8771.699999999999,0.0010321
2019-11-14 00:41:30+00:00,8771.710000000001,0.08924064
2019-11-14 00:41:30+00:00,8771.710000000001,0.0010249
2019-11-14 00:41:31+00:00,8771.710000000001,0.00544592
2019-11-14 00:41:32+00:00,8771.710000000001,0.00544658
2019-11-14 00:41:35+00:00,8771.699999999999,0.02237
2019-11-14 00:41:36+00:00,8771.710000000001,0.00589979
2019-11-14 00:41:38+00:00,8771.710000000001,0.00872661
2019-11-14 00:41:41+00:00,8771.699999999999,0.02312985
2019-11-14 00:41:42+00:00,8771.710000000001,0.00209969
2019-11-14 00:41:42+00:00,8771.710000000001,0.00266688
2019-11-14 00:41:45+00:00,8771.710000000001,0.02459739
2019-11-14 00:41:57+00:00,8771.710000000001,0.03436081
2019-11-14 00:42:01+00:00,8771.48,0.0231758
2019-11-14 00:42:01+00:00,8771.710000000001,0.00431175
2019-11-14 00:42:04+00:00,8771.6,0.01199922
2019-11-14 00:42:06+00:00,8771.6,0.0114536
2019-11-14 00:42:08+00:00,8771.6,0.00102206
2019-11-14 00:42:10+00:00,8771.6,0.00544605
2019-11-14 00:42:15+00:00,8771.6,0.03029251
2019-11-14 00:42:15+00:00,8771.6,0.01100454
2019-11-14 00:42:17+00:00,8771.6,0.01145374
2019-11-14 00:42:18+00:00,8771.6,0.06706288
2019-11-14 00:42:19+00:00,8771.6,0.00544612
2019-11-14 00:42:19+00:00,8771.6,0.00544612
2019-11-14 00:42:22+00:00,8768.36,0.02665484
2019-11-14 00:42:22+00:00,8771.59,0.0069
2019-11-14 00:42:22+00:00,8771.6,0.00544612
2019-11-14 00:42:23+00:00,8768.37,0.00255347
2019-11-14 00:42:24+00:00,8768.37,0.00153222
2019-11-14 00:42:30+00:00,8768.37,0.05588592
2019-11-14 00:42:38+00:00,8768.36,0.12382567
2019-11-14 00:42:38+00:00,8768.36,0.17334516
2019-11-14 00:42:38+00:00,8768.36,0.2
2019-11-14 00:42:38+00:00,8768.37,0.01090811
2019-11-14 00:42:39+00:00,8768.37,0.0211
2019-11-14 00:42:41+00:00,8768.36,0.01090811
2019-11-14 00:42:43+00:00,8768.37,0.00210073
2019-11-14 00:42:43+00:00,8768.37,0.00119267
2019-11-14 00:42:44+00:00,8768.37,0.0021005
2019-11-14 00:42:47+00:00,8768.36,0.0048
2019-11-14 00:42:47+00:00,8768.36,0.0021005
2019-11-14 00:42:51+00:00,8768.36,0.00580714
2019-11-14 00:42:52+00:00,8768.37,0.00544812
2019-11-14 00:42:53+00:00,8768.37,0.00646943
2019-11-14 00:42:56+00:00,8768.36,0.18669592
2019-11-14 00:42:56+00:00,8768.37,0.01100889
2019-11-14 00:43:04+00:00,8768.37,0.00120401
2019-11-14 00:43:05+00:00,8768.37,0.00885227
2019-11-14 00:43:06+00:00,8768.37,0.00317855
2019-11-14 00:43:07+00:00,8768.37,0.02235648
2019-11-14 00:43:09+00:00,8768.37,0.2
2019-11-14 00:43:09+00:00,8768.37,0.00180568
2019-11-14 00:43:09+00:00,8768.37,0.04819432
2019-11-14 00:43:14+00:00,8768.37,0.03273752
2019-11-14 00:43:20+00:00,8768.37,0.00239726
2019-11-14 00:43:21+00:00,8768.36,0.0036
2019-11-14 00:43:23+00:00,8768.37,0.001023
2019-11-14 00:43:27+00:00,8767.01,0.00102245
2019-11-14 00:43:28+00:00,8767.0,0.01971762
2019-11-14 00:43:30+00:00,8767.0,0.26075112
2019-11-14 00:43:30+00:00,8767.0,0.0029817
2019-11-14 00:43:34+00:00,8765.53,0.04586253
2019-11-14 00:43:34+00:00,8765.54,0.02619385
2019-11-14 00:43:34+00:00,8765.54,0.02122498
2019-11-14 00:43:34+00:00,8765.54,0.00102261
2019-11-14 00:43:39+00:00,8765.53,0.01011101
2019-11-14 00:43:40+00:00,8765.54,0.15155856
2019-11-14 00:43:40+00:00,8765.54,0.40755895
2019-11-14 00:43:40+00:00,8765.53,0.05248678
2019-11-14 00:43:41+00:00,8765.54,0.11181301
2019-11-14 00:43:41+00:00,8765.54,0.14190803
2019-11-14 00:43:46+00:00,8765.54,0.0021005
2019-11-14 00:43:48+00:00,8765.54,0.01091565
2019-11-14 00:43:48+00:00,8765.53,0.03439695
2019-11-14 00:43:49+00:00,8765.54,0.02796228
2019-11-14 00:43:50+00:00,8765.54,0.01200767
2019-11-14 00:43:52+00:00,8765.54,0.00647152
2019-11-14 00:43:53+00:00,8765.53,0.01200767
2019-11-14 00:43:53+00:00,8765.54,0.06549619
2019-11-14 00:43:56+00:00,8765.53,0.00569247
2019-11-14 00:43:56+00:00,8765.54,0.01078511
2019-11-14 00:43:58+00:00,8765.54,0.00927876
2019-11-14 00:43:58+00:00,8765.54,0.00153359
2019-11-14 00:44:00+00:00,8765.56,0.00266875
2019-11-14 00:44:00+00:00,8765.56,0.01091565
2019-11-14 00:44:03+00:00,8765.56,0.0023282
2019-11-14 00:44:08+00:00,8765.56,0.0026684
2019-11-14 00:44:08+00:00,8765.56,0.00718943
2019-11-14 00:44:10+00:00,8765.56,0.00102278
2019-11-14 00:44:14+00:00,8765.56,0.00601746
2019-11-14 00:44:16+00:00,8765.56,0.01801146
2019-11-14 00:44:17+00:00,8765.56,0.00210116
2019-11-14 00:44:18+00:00,8765.56,0.00544987
2019-11-14 00:44:19+00:00,8765.56,0.05458041
2019-11-14 00:44:20+00:00,8765.56,0.01214726
2019-11-14 00:44:21+00:00,8765.56,0.00488229
2019-11-14 00:44:24+00:00,8765.56,0.00817424
2019-11-14 00:44:24+00:00,8765.55,0.00488229
2019-11-14 00:44:25+00:00,8765.55,0.02436306
2019-11-14 00:44:27+00:00,8765.56,0.01091563
2019-11-14 00:44:27+00:00,8765.56,0.04366365
2019-11-14 00:44:28+00:00,8767.12,0.03635715
2019-11-14 00:44:28+00:00,8765.56,0.00726336
2019-11-14 00:44:32+00:00,8767.02,0.01101212
2019-11-14 00:44:38+00:00,8767.12,0.00851478
2019-11-14 00:44:40+00:00,8767.12,0.02237361
2019-11-14 00:44:40+00:00,8767.12,0.00266831
2019-11-14 00:44:43+00:00,8767.12,0.00647036
2019-11-14 00:44:45+00:00,8766.54,0.00244128
2019-11-14 00:44:46+00:00,8766.54,0.0021008
2019-11-14 00:44:48+00:00,8766.54,0.009823
2019-11-14 00:44:48+00:00,8765.56,0.00659858
2019-11-14 00:44:50+00:00,8766.54,0.01091368
2019-11-14 00:44:59+00:00,8765.54,0.00142008
2019-11-14 00:45:00+00:00,8765.54,1.0
2019-11-14 00:45:01+00:00,8765.53,0.02238502
2019-11-14 00:45:05+00:00,8765.53,0.034229
2019-11-14 00:45:05+00:00,8765.54,0.0048823
2019-11-14 00:45:07+00:00,8765.54,0.00272015
2019-11-14 00:45:07+00:00,8765.54,0.03820592
2019-11-14 00:45:11+00:00,8765.53,0.0120389
2019-11-14 00:45:15+00:00,8765.53,0.30926491
2019-11-14 00:45:17+00:00,8765.54,0.00317957
2019-11-14 00:45:19+00:00,8765.54,0.00409437
2019-11-14 00:45:22+00:00,8765.53,0.02238326
2019-11-14 00:45:23+00:00,8765.54,0.10915993
2019-11-14 00:45:26+00:00,8765.53,0.10915993
2019-11-14 00:45:26+00:00,8765.54,0.00210117
2019-11-14 00:45:27+00:00,8765.54,0.03
2019-11-14 00:45:35+00:00,8765.53,0.0123829
2019-11-14 00:45:35+00:00,8765.53,0.04438267
2019-11-14 00:45:36+00:00,8765.54,0.00194225
2019-11-14 00:45:38+00:00,8765.54,0.00210117
2019-11-14 00:45:40+00:00,8765.54,0.00161317
2019-11-14 00:45:40+00:00,8765.56,0.00409437
2019-11-14 00:45:40+00:00,8765.569999999998,0.04641738
2019-11-14 00:45:40+00:00,8765.569999999998,0.02183239
2019-11-14 00:45:41+00:00,8765.56,0.00210117
2019-11-14 00:45:42+00:00,8765.569999999998,0.01091561
2019-11-14 00:45:42+00:00,8765.569999999998,0.01146162
2019-11-14 00:45:44+00:00,8765.569999999998,0.10915956
2019-11-14 00:45:46+00:00,8765.569999999998,0.039
2019-11-14 00:45:47+00:00,8765.56,0.10915956
2019-11-14 00:45:51+00:00,8765.569999999998,0.00544986
2019-11-14 00:45:51+00:00,8765.569999999998,0.02292324
2019-11-14 00:45:56+00:00,8765.569999999998,0.00590392
2019-11-14 00:46:00+00:00,8765.56,0.0021755
2019-11-14 00:46:00+00:00,8765.56,0.08792979
2019-11-14 00:46:08+00:00,8765.56,0.00897838
2019-11-14 00:46:13+00:00,8765.569999999998,0.00210116
2019-11-14 00:46:14+00:00,8765.569999999998,0.00544973
2019-11-14 00:46:14+00:00,8765.569999999998,0.00153359
2019-11-14 00:46:17+00:00,8765.569999999998,0.02729017
2019-11-14 00:46:21+00:00,8765.569999999998,0.05730925
2019-11-14 00:46:22+00:00,8765.569999999998,0.0064715
2019-11-14 00:46:22+00:00,8765.569999999998,0.00244171
2019-11-14 00:46:23+00:00,8765.56,0.00239698
2019-11-14 00:46:26+00:00,8765.569999999998,0.00210116
2019-11-14 00:46:27+00:00,8769.56,0.56816545
2019-11-14 00:46:29+00:00,8770.87,0.01408155
2019-11-14 00:46:32+00:00,8770.85,0.34275
2019-11-14 00:46:32+00:00,8770.86,0.02509211
2019-11-14 00:46:32+00:00,8770.86,0.00816929
2019-11-14 00:46:33+00:00,8770.86,0.00175964
2019-11-14 00:46:34+00:00,8770.86,0.00544986
2019-11-14 00:46:36+00:00,8770.86,0.00749313
2019-11-14 00:46:41+00:00,8770.86,0.00544986
2019-11-14 00:46:42+00:00,8770.86,0.00703483
2019-11-14 00:46:45+00:00,8770.86,0.03054665
2019-11-14 00:46:47+00:00,8770.86,0.01200039
2019-11-14 00:46:48+00:00,8770.86,0.01778327
2019-11-14 00:46:51+00:00,8770.86,0.00816929
2019-11-14 00:46:52+00:00,8770.86,0.00153267
2019-11-14 00:46:54+00:00,8770.86,0.01090903
2019-11-14 00:46:55+00:00,8770.86,0.0020999
2019-11-14 00:46:55+00:00,8770.86,0.01090903
2019-11-14 00:46:58+00:00,8770.86,0.0023268
2019-11-14 00:47:01+00:00,8770.85,0.0023268
2019-11-14 00:47:03+00:00,8770.86,0.02181919
2019-11-14 00:47:07+00:00,8770.86,0.02145506
2019-11-14 00:47:07+00:00,8770.86,0.22356255
2019-11-14 00:47:07+00:00,8770.86,0.08763866
2019-11-14 00:47:07+00:00,8770.86,0.01614573
2019-11-14 00:47:08+00:00,8770.86,0.00102216
2019-11-14 00:47:09+00:00,8770.86,0.00113447
2019-11-14 00:47:10+00:00,8770.85,0.10909372
2019-11-14 00:47:15+00:00,8770.86,0.01090903
2019-11-14 00:47:18+00:00,8770.86,0.00374488
2019-11-14 00:47:19+00:00,8770.86,0.02
2019-11-14 00:47:20+00:00,8770.85,0.01513776
2019-11-14 00:47:23+00:00,8770.86,0.00266713
2019-11-14 00:47:26+00:00,8770.86,0.00102216
2019-11-14 00:47:28+00:00,8770.86,0.02400078
2019-11-14 00:47:32+00:00,8769.17,0.02442586
2019-11-14 00:47:34+00:00,8770.060000000001,0.01090903
2019-11-14 00:47:37+00:00,8770.060000000001,0.08048247
2019-11-14 00:47:37+00:00,8770.049999999997,0.01090903
2019-11-14 00:47:37+00:00,8770.060000000001,0.04364124
2019-11-14 00:47:41+00:00,8770.060000000001,0.03851412
2019-11-14 00:47:45+00:00,8770.060000000001,0.01363629
2019-11-14 00:48:01+00:00,8770.060000000001,0.001
2019-11-14 00:48:01+00:00,8770.060000000001,0.0115727
2019-11-14 00:48:03+00:00,8770.060000000001,0.01165658
2019-11-14 00:48:06+00:00,8770.04,0.01165658
2019-11-14 00:48:07+00:00,8770.049999999997,0.00544707
2019-11-14 00:48:07+00:00,8770.049999999997,0.00782967
2019-11-14 00:48:09+00:00,8770.04,0.04798
2019-11-14 00:48:10+00:00,8770.04,0.00782967
2019-11-14 00:48:17+00:00,8770.049999999997,0.00266703
2019-11-14 00:48:17+00:00,8770.049999999997,0.00119244
2019-11-14 00:48:19+00:00,8770.049999999997,0.05455247
2019-11-14 00:48:20+00:00,8770.049999999997,0.1091038
2019-11-14 00:48:22+00:00,8770.04,0.05603375
2019-11-14 00:48:22+00:00,8766.48,0.05307005
2019-11-14 00:48:27+00:00,8766.62,0.07
2019-11-14 00:48:31+00:00,8766.64,0.02979927
2019-11-14 00:48:34+00:00,8766.63,0.02171116
2019-11-14 00:48:35+00:00,8766.64,0.00293563
2019-11-14 00:48:39+00:00,8766.64,0.01100648
2019-11-14 00:48:41+00:00,8766.64,0.01200617
2019-11-14 00:48:47+00:00,8766.64,0.00283803
2019-11-14 00:48:48+00:00,8766.64,0.11183508
2019-11-14 00:48:49+00:00,8766.64,0.00544919
2019-11-14 00:48:51+00:00,8766.62,0.07700638
2019-11-14 00:48:51+00:00,8766.61,0.01470732
2019-11-14 00:48:51+00:00,8766.63,0.01146023
2019-11-14 00:48:52+00:00,8766.63,0.00760572
2019-11-14 00:48:56+00:00,8766.62,0.00153281
2019-11-14 00:48:58+00:00,8766.62,0.01101106
2019-11-14 00:49:00+00:00,8766.62,0.00113499
2019-11-14 00:49:03+00:00,8766.62,0.00411078
2019-11-14 00:49:09+00:00,8766.62,0.00431419
2019-11-14 00:49:13+00:00,8766.62,0.06003097
2019-11-14 00:49:15+00:00,8766.62,0.00301292
2019-11-14 00:49:19+00:00,8766.62,0.00811763
2019-11-14 00:49:21+00:00,8766.62,0.00210092
2019-11-14 00:49:24+00:00,8766.61,0.00210092
2019-11-14 00:49:25+00:00,8766.62,0.02236094
2019-11-14 00:49:25+00:00,8766.62,0.00102265
2019-11-14 00:49:27+00:00,8766.62,0.01091431
2019-11-14 00:49:28+00:00,8766.62,0.01091431
2019-11-14 00:49:28+00:00,8766.62,0.01634195
2019-11-14 00:49:28+00:00,8766.62,0.03110623
2019-11-14 00:49:30+00:00,8766.61,0.01091431
2019-11-14 00:49:31+00:00,8766.62,0.01091431
2019-11-14 00:49:33+00:00,8766.62,0.00266842
2019-11-14 00:49:36+00:00,8766.62,0.02455833
2019-11-14 00:49:40+00:00,8766.62,0.02236094
2019-11-14 00:49:40+00:00,8766.61,0.05706938
2019-11-14 00:49:46+00:00,8766.62,0.00544908
2019-11-14 00:49:47+00:00,8766.62,0.03274406
2019-11-14 00:49:48+00:00,8766.62,0.00266842
2019-11-14 00:49:52+00:00,8766.62,0.01399771
2019-11-14 00:49:55+00:00,8766.62,0.00266808
2019-11-14 00:49:57+00:00,8766.61,0.02808887
2019-11-14 00:50:00+00:00,8765.569999999998,0.01101079
2019-11-14 00:50:02+00:00,8765.56,0.02069603
2019-11-14 00:50:02+00:00,8765.569999999998,0.01451685
2019-11-14 00:50:03+00:00,8765.569999999998,0.00306567
2019-11-14 00:50:05+00:00,8765.569999999998,0.0187754
2019-11-14 00:50:05+00:00,8765.569999999998,0.00266874
2019-11-14 00:50:06+00:00,8765.56,0.01451685
2019-11-14 00:50:07+00:00,8765.569999999998,0.00102278
2019-11-14 00:50:07+00:00,8764.56,0.01213038
2019-11-14 00:50:07+00:00,8765.56,0.02778712
2019-11-14 00:50:09+00:00,8764.56,0.02278666
2019-11-14 00:50:12+00:00,8764.57,0.01668786
2019-11-14 00:50:13+00:00,8764.57,0.00221468
2019-11-14 00:50:13+00:00,8764.57,0.01101079
2019-11-14 00:50:15+00:00,8764.57,0.00797625
2019-11-14 00:50:16+00:00,8764.57,0.0059046
2019-11-14 00:50:24+00:00,8764.57,0.01692136
2019-11-14 00:50:24+00:00,8764.57,0.0043152
2019-11-14 00:50:28+00:00,8764.57,0.00488285
2019-11-14 00:50:29+00:00,8764.56,0.0063068
2019-11-14 00:50:30+00:00,8764.56,0.034225
2019-11-14 00:50:31+00:00,8764.57,0.00545035
2019-11-14 00:50:35+00:00,8764.57,0.01091687
2019-11-14 00:50:39+00:00,8764.57,0.00210164
2019-11-14 00:50:42+00:00,8764.57,0.02183486
2019-11-14 00:50:52+00:00,8764.57,0.01668976
2019-11-14 00:50:56+00:00,8764.57,0.01048092
2019-11-14 00:50:56+00:00,8764.57,0.00817515
2019-11-14 00:50:57+00:00,8764.57,0.05458658
2019-11-14 00:50:59+00:00,8764.57,0.00817256
2019-11-14 00:51:00+00:00,8764.56,0.02064045
2019-11-14 00:51:08+00:00,8763.58,0.00531097
2019-11-14 00:51:15+00:00,8763.58,0.00119331
2019-11-14 00:51:17+00:00,8763.58,0.05593075
2019-11-14 00:51:17+00:00,8763.58,0.0021014
2019-11-14 00:51:19+00:00,8763.57,0.01764531
2019-11-14 00:51:21+00:00,8763.58,0.01583215
2019-11-14 00:51:21+00:00,8763.57,0.0021014
2019-11-14 00:51:27+00:00,8763.58,0.00153362
2019-11-14 00:51:29+00:00,8763.58,0.00579172
2019-11-14 00:51:35+00:00,8763.57,0.00868422
2019-11-14 00:51:37+00:00,8763.58,0.00210164
2019-11-14 00:51:37+00:00,8763.58,0.01888867
2019-11-14 00:51:38+00:00,8763.58,0.02729637
2019-11-14 00:51:38+00:00,8763.58,0.00873471
2019-11-14 00:51:38+00:00,8763.58,0.00278289
2019-11-14 00:51:42+00:00,8763.58,0.00760838
2019-11-14 00:51:44+00:00,8763.57,0.00760838
2019-11-14 00:51:45+00:00,8763.58,0.00573574
2019-11-14 00:51:48+00:00,8763.58,0.00153394
2019-11-14 00:51:51+00:00,8763.58,0.03715473
2019-11-14 00:51:53+00:00,8760.01,0.2288456
2019-11-14 00:51:53+00:00,8760.01,0.14687991
2019-11-14 00:51:53+00:00,8763.57,0.067
2019-11-14 00:51:53+00:00,8760.01,0.01506342
2019-11-14 00:51:53+00:00,8763.57,0.02399619
2019-11-14 00:51:58+00:00,8760.69,0.01092169
2019-11-14 00:52:00+00:00,8760.68,0.01999301
2019-11-14 00:52:02+00:00,8760.69,0.03276622
2019-11-14 00:52:05+00:00,8760.69,0.0257
2019-11-14 00:52:07+00:00,8760.69,0.00187517
2019-11-14 00:52:14+00:00,8760.69,0.0017616
2019-11-14 00:52:15+00:00,8760.69,0.00232949
2019-11-14 00:52:17+00:00,8760.68,0.0017616
2019-11-14 00:52:17+00:00,8760.0,0.00232949
2019-11-14 00:52:20+00:00,8760.0,0.82191732
2019-11-14 00:52:22+00:00,8760.0,0.01711545
2019-11-14 00:52:24+00:00,8760.01,0.00232967
2019-11-14 00:52:28+00:00,8760.01,0.11191972
2019-11-14 00:52:36+00:00,8760.01,0.00567935
2019-11-14 00:52:36+00:00,8760.0,0.03994471
2019-11-14 00:52:38+00:00,8760.01,0.02206431
2019-11-14 00:52:38+00:00,8760.01,0.22717436
2019-11-14 00:52:38+00:00,8760.0,0.04560562
2019-11-14 00:52:39+00:00,8758.46,0.75122059
2019-11-14 00:52:39+00:00,8760.0,0.0023
2019-11-14 00:52:39+00:00,8758.64,0.2
2019-11-14 00:52:39+00:00,8760.0,0.01422
2019-11-14 00:52:39+00:00,8758.99,0.1
2019-11-14 00:52:39+00:00,8758.46,0.41687453
2019-11-14 00:52:39+00:00,8758.64,0.2
2019-11-14 00:52:39+00:00,8760.0,0.07308741
2019-11-14 00:52:39+00:00,8758.65,0.07903047
2019-11-14 00:52:44+00:00,8758.33,0.01101993
2019-11-14 00:52:45+00:00,8758.33,0.05596261
2019-11-14 00:52:45+00:00,8758.32,0.09047962
2019-11-14 00:52:48+00:00,8758.32,0.02843268
2019-11-14 00:52:50+00:00,8758.33,0.00397793
2019-11-14 00:52:50+00:00,8758.33,0.01715269
2019-11-14 00:52:54+00:00,8758.32,0.02923771
2019-11-14 00:52:54+00:00,8758.33,0.00545437
2019-11-14 00:52:55+00:00,8758.34,0.00010074
2019-11-14 00:52:55+00:00,8758.33,0.00308145
2019-11-14 00:52:57+00:00,8758.34,0.00863088
2019-11-14 00:52:57+00:00,8758.34,0.0071585
2019-11-14 00:52:59+00:00,8758.34,0.00112102
2019-11-14 00:53:00+00:00,8758.33,0.0071585
2019-11-14 00:53:00+00:00,8758.34,0.00102361
2019-11-14 00:53:02+00:00,8758.34,0.00545436
2019-11-14 00:53:02+00:00,8758.34,0.13688957
2019-11-14 00:53:02+00:00,8758.34,0.0021029
2019-11-14 00:53:04+00:00,8758.33,0.0021029
2019-11-14 00:53:09+00:00,8758.33,0.06651206
2019-11-14 00:53:13+00:00,8758.34,0.00556797
2019-11-14 00:53:14+00:00,8758.34,0.02731271
2019-11-14 00:53:17+00:00,8758.34,0.30812143
2019-11-14 00:53:17+00:00,8758.34,0.023
2019-11-14 00:53:17+00:00,8758.34,0.00463774
2019-11-14 00:53:18+00:00,8758.34,0.00238693
2019-11-14 00:53:21+00:00,8758.33,0.00137701
2019-11-14 00:53:21+00:00,8758.34,0.00761293
2019-11-14 00:53:26+00:00,8758.34,0.02067795
2019-11-14 00:53:29+00:00,8758.34,0.00931683
2019-11-14 00:53:29+00:00,8758.34,0.0026706
2019-11-14 00:53:30+00:00,8758.34,0.00375023
2019-11-14 00:53:33+00:00,8758.34,0.05134779
2019-11-14 00:53:42+00:00,8756.81,0.05597054
2019-11-14 00:53:44+00:00,8756.81,0.0021029
2019-11-14 00:53:58+00:00,8756.670000000002,0.23707549
2019-11-14 00:53:58+00:00,8756.8,0.001
2019-11-14 00:53:58+00:00,8756.8,0.015
2019-11-14 00:54:00+00:00,8756.0,0.00443188
2019-11-14 00:54:00+00:00,8756.0,0.01386141
2019-11-14 00:54:01+00:00,8756.0,0.00568161
2019-11-14 00:54:03+00:00,8756.0,0.00318292
2019-11-14 00:54:05+00:00,8756.0,0.02185623
2019-11-14 00:54:06+00:00,8755.99,0.00318292
2019-11-14 00:54:10+00:00,8756.0,0.02677339
2019-11-14 00:54:12+00:00,8755.99,0.29041071
2019-11-14 00:54:14+00:00,8756.0,0.02185623
2019-11-14 00:54:16+00:00,8756.0,0.01584585
2019-11-14 00:54:17+00:00,8755.99,0.02185623
2019-11-14 00:54:19+00:00,8756.0,0.05598549
2019-11-14 00:54:26+00:00,8756.0,0.06120247
2019-11-14 00:54:26+00:00,8756.0,0.04881828
2019-11-14 00:54:35+00:00,8756.0,0.00579674
2019-11-14 00:54:38+00:00,8755.99,0.0065572
2019-11-14 00:54:39+00:00,8756.0,0.02305739
2019-11-14 00:54:41+00:00,8756.0,0.114
2019-11-14 00:54:42+00:00,8755.99,0.2347972
2019-11-14 00:54:43+00:00,8756.0,0.01102444
2019-11-14 00:54:45+00:00,8756.0,0.023
2019-11-14 00:54:48+00:00,8756.0,0.00113639
2019-11-14 00:54:48+00:00,8756.0,0.00818315
2019-11-14 00:54:50+00:00,8756.0,0.00545582
2019-11-14 00:54:52+00:00,8755.99,0.00675038
2019-11-14 00:54:54+00:00,8756.0,0.00170687
2019-11-14 00:55:00+00:00,8755.99,0.00143069
2019-11-14 00:55:00+00:00,8755.99,0.085612
2019-11-14 00:55:00+00:00,8755.99,0.00550836
2019-11-14 00:55:00+00:00,8755.99,0.22956287
2019-11-14 00:55:06+00:00,8756.0,0.00818315
2019-11-14 00:55:09+00:00,8756.0,0.00425279
2019-11-14 00:55:09+00:00,8756.21,0.02831231
2019-11-14 00:55:10+00:00,8756.21,0.11196864
2019-11-14 00:55:10+00:00,8756.21,0.00233074
2019-11-14 00:55:11+00:00,8756.21,0.00716041
2019-11-14 00:55:12+00:00,8756.21,0.00454649
2019-11-14 00:55:12+00:00,8756.21,0.00545556
2019-11-14 00:55:13+00:00,8756.2,0.02422359
2019-11-14 00:55:14+00:00,8756.2,0.00716041
2019-11-14 00:55:16+00:00,8756.2,0.05
2019-11-14 00:55:16+00:00,8756.21,0.00267159
2019-11-14 00:55:18+00:00,8756.21,0.03755426
2019-11-14 00:55:18+00:00,8756.41,0.07594973
2019-11-14 00:55:20+00:00,8756.4,0.04312724
2019-11-14 00:55:22+00:00,8756.41,0.11760169
2019-11-14 00:55:24+00:00,8756.41,0.00318289
2019-11-14 00:55:25+00:00,8757.41,0.10870005
2019-11-14 00:55:25+00:00,8756.41,0.00326569
2019-11-14 00:55:26+00:00,8757.41,0.02238485
2019-11-14 00:55:28+00:00,8757.4,0.16512992
2019-11-14 00:55:30+00:00,8757.64,0.0610849
2019-11-14 00:55:30+00:00,8757.41,0.0689151
2019-11-14 00:55:36+00:00,8757.630000000001,0.00318244
2019-11-14 00:55:43+00:00,8757.630000000001,0.00647736
2019-11-14 00:55:45+00:00,8757.619999999999,0.0011246
2019-11-14 00:55:45+00:00,8757.619999999999,0.27876834
2019-11-14 00:55:47+00:00,8757.630000000001,0.00568091
2019-11-14 00:55:48+00:00,8757.630000000001,0.00233031
2019-11-14 00:55:51+00:00,8757.61,0.00233031
2019-11-14 00:55:51+00:00,8757.619999999999,0.00210307
2019-11-14 00:55:52+00:00,8757.619999999999,0.00153498
2019-11-14 00:55:54+00:00,8757.619999999999,0.01147201
2019-11-14 00:55:55+00:00,8757.61,0.00153498
2019-11-14 00:55:55+00:00,8757.619999999999,0.01092551
2019-11-14 00:55:55+00:00,8757.619999999999,0.00545518
2019-11-14 00:55:57+00:00,8757.61,0.01147201
2019-11-14 00:55:59+00:00,8757.619999999999,0.00244393
2019-11-14 00:56:00+00:00,8757.619999999999,0.01092552
2019-11-14 00:56:02+00:00,8757.619999999999,0.00244393
2019-11-14 00:56:03+00:00,8757.61,0.01092552
2019-11-14 00:56:04+00:00,8757.619999999999,0.00545481
2019-11-14 00:56:10+00:00,8757.619999999999,0.00153499
2019-11-14 00:56:10+00:00,8757.619999999999,0.0819437
2019-11-14 00:56:10+00:00,8757.619999999999,0.00267116
2019-11-14 00:56:11+00:00,8757.61,0.00757303
2019-11-14 00:56:12+00:00,8757.619999999999,0.00431863
2019-11-14 00:56:13+00:00,8757.61,0.00248273
2019-11-14 00:56:16+00:00,8757.619999999999,0.00545481
2019-11-14 00:56:16+00:00,8757.619999999999,0.01175868
2019-11-14 00:56:17+00:00,8757.619999999999,0.037494
2019-11-14 00:56:18+00:00,8757.619999999999,0.004752
2019-11-14 00:56:18+00:00,8757.619999999999,0.00570314
2019-11-14 00:56:24+00:00,8757.619999999999,0.03439895
2019-11-14 00:56:24+00:00,8757.619999999999,0.08073377
2019-11-14 00:56:25+00:00,8757.61,0.0010319
2019-11-14 00:56:27+00:00,8757.619999999999,0.00659
2019-11-14 00:56:30+00:00,8757.61,0.00659
2019-11-14 00:56:30+00:00,8757.619999999999,0.0010247
2019-11-14 00:56:32+00:00,8757.619999999999,0.01966617
2019-11-14 00:56:35+00:00,8757.619999999999,0.00318245
2019-11-14 00:56:35+00:00,8757.619999999999,0.00210307
2019-11-14 00:56:36+00:00,8757.619999999999,0.01647708
2019-11-14 00:56:36+00:00,8757.619999999999,0.00210331
2019-11-14 00:56:37+00:00,8757.619999999999,0.02185219
2019-11-14 00:56:38+00:00,8757.619999999999,0.00153499
2019-11-14 00:56:42+00:00,8757.619999999999,0.02060868
2019-11-14 00:56:42+00:00,8757.619999999999,0.00153499
2019-11-14 00:56:45+00:00,8757.619999999999,0.0180278
2019-11-14 00:56:46+00:00,8757.619999999999,0.01966617
2019-11-14 00:56:49+00:00,8757.61,0.00866617
2019-11-14 00:56:49+00:00,8757.61,0.011
2019-11-14 00:56:52+00:00,8757.619999999999,0.00119413
2019-11-14 00:56:53+00:00,8757.619999999999,0.77127231
2019-11-14 00:56:53+00:00,8759.59,0.5859337
2019-11-14 00:56:53+00:00,8758.63,0.2
2019-11-14 00:56:53+00:00,8757.86,1.16464946
2019-11-14 00:56:53+00:00,8757.619999999999,0.14050322
2019-11-14 00:56:53+00:00,8758.34,0.6
2019-11-14 00:56:53+00:00,8757.619999999999,0.23377624
2019-11-14 00:56:53+00:00,8757.619999999999,0.065
2019-11-14 00:56:53+00:00,8757.619999999999,0.22571305
2019-11-14 00:56:53+00:00,8758.34,0.51262531
2019-11-14 00:56:53+00:00,8759.44,0.44808989
2019-11-14 00:56:53+00:00,8757.64,0.0028813
2019-11-14 00:56:53+00:00,8757.619999999999,4.3
2019-11-14 00:56:53+00:00,8757.619999999999,0.0677037
2019-11-14 00:56:53+00:00,8757.619999999999,0.16122296
2019-11-14 00:56:53+00:00,8758.6,0.01092552
2019-11-14 00:56:53+00:00,8757.619999999999,2.0
2019-11-14 00:56:53+00:00,8757.630000000001,0.58232898
2019-11-14 00:56:53+00:00,8757.630000000001,0.2
2019-11-14 00:56:53+00:00,8757.85,0.13028444
2019-11-14 00:56:53+00:00,8757.619999999999,0.13277944
2019-11-14 00:56:53+00:00,8757.619999999999,0.475236
2019-11-14 00:56:54+00:00,8758.48,0.02060868
2019-11-14 00:56:57+00:00,8758.579999999998,0.00545481
2019-11-14 00:56:57+00:00,8758.579999999998,0.00545481
2019-11-14 00:56:59+00:00,8758.48,0.00545481
2019-11-14 00:57:04+00:00,8758.57,0.6
2019-11-14 00:57:04+00:00,8758.61,0.2
2019-11-14 00:57:04+00:00,8758.48,0.2
2019-11-14 00:57:04+00:00,8759.39,0.018
2019-11-14 00:57:05+00:00,8760.63,0.2
2019-11-14 00:57:05+00:00,8759.63,0.2
2019-11-14 00:57:05+00:00,8762.89,2.846
2019-11-14 00:57:05+00:00,8761.23,0.2
2019-11-14 00:57:09+00:00,8766.34,0.01092445
2019-11-14 00:57:12+00:00,8766.33,0.01092445
2019-11-14 00:57:12+00:00,8766.62,0.00102268
2019-11-14 00:57:14+00:00,8766.62,0.01146062
2019-11-14 00:57:20+00:00,8766.6,0.00102087
2019-11-14 00:57:22+00:00,8766.6,1.77840669
2019-11-14 00:57:22+00:00,8766.61,0.12006094
2019-11-14 00:57:23+00:00,8765.23,0.05695606
2019-11-14 00:57:23+00:00,8766.61,0.00330206
2019-11-14 00:57:26+00:00,8765.22,0.0010232
2019-11-14 00:57:29+00:00,8764.940000000002,0.17598169
2019-11-14 00:57:30+00:00,8765.22,0.00102282
2019-11-14 00:57:34+00:00,8765.22,0.00153365
2019-11-14 00:57:37+00:00,8765.21,0.00181459
2019-11-14 00:57:39+00:00,8765.23,0.02249436
2019-11-14 00:57:44+00:00,8765.22,0.04211588
2019-11-14 00:57:45+00:00,8765.23,0.07522372
2019-11-14 00:57:46+00:00,8765.23,0.00590415
2019-11-14 00:57:47+00:00,8765.23,0.02937999
2019-11-14 00:57:50+00:00,8765.23,0.00102282
2019-11-14 00:57:51+00:00,8765.23,0.00558025
2019-11-14 00:57:51+00:00,8765.23,0.00343865
2019-11-14 00:57:51+00:00,8765.99,0.00019511
2019-11-14 00:57:57+00:00,8765.98,0.01091596
2019-11-14 00:58:02+00:00,8765.900000000001,0.00266864
2019-11-14 00:58:02+00:00,8765.900000000001,0.00210132
2019-11-14 00:58:02+00:00,8765.900000000001,0.0056754
2019-11-14 00:58:04+00:00,8765.96,0.0458612
2019-11-14 00:58:05+00:00,8765.97,0.0013065
2019-11-14 00:58:06+00:00,8765.96,0.00544462
2019-11-14 00:58:08+00:00,8765.97,0.00102274
2019-11-14 00:58:09+00:00,8765.97,0.00544953
2019-11-14 00:58:13+00:00,8765.98,0.01309915
2019-11-14 00:58:14+00:00,8765.98,0.00227133
2019-11-14 00:58:14+00:00,8765.98,0.0029524
2019-11-14 00:58:17+00:00,8765.98,0.00374697
2019-11-14 00:58:19+00:00,8765.98,0.09823384
2019-11-14 00:58:21+00:00,8765.97,0.04952913
2019-11-14 00:58:21+00:00,8765.98,0.05457779
2019-11-14 00:58:25+00:00,8765.98,0.00266862
2019-11-14 00:58:27+00:00,8765.97,0.00266862
2019-11-14 00:58:30+00:00,8765.98,0.00442802
2019-11-14 00:58:35+00:00,8765.98,0.00710592
2019-11-14 00:58:35+00:00,8766.61,0.01254059
2019-11-14 00:58:37+00:00,8765.98,0.08840921
2019-11-14 00:58:38+00:00,8765.97,0.01964651
2019-11-14 00:58:39+00:00,8765.98,0.05129986
2019-11-14 00:58:41+00:00,8765.98,0.03416283
2019-11-14 00:58:43+00:00,8766.61,0.01779267
2019-11-14 00:58:43+00:00,8766.61,0.03390344
2019-11-14 00:58:43+00:00,8765.98,0.0261281
2019-11-14 00:58:44+00:00,8766.61,0.00454028
2019-11-14 00:58:45+00:00,8766.61,0.00786002
2019-11-14 00:58:45+00:00,8766.63,0.01397132
2019-11-14 00:58:46+00:00,8766.62,0.03032157
2019-11-14 00:58:47+00:00,8766.63,0.01195911
2019-11-14 00:58:47+00:00,8766.63,0.00223075
2019-11-14 00:58:48+00:00,8766.63,0.05457779
2019-11-14 00:58:49+00:00,8766.63,0.0054492
2019-11-14 00:58:51+00:00,8766.62,0.46163045
2019-11-14 00:58:51+00:00,8766.62,0.02866269
2019-11-14 00:58:55+00:00,8766.63,0.008
2019-11-14 00:58:55+00:00,8766.63,0.03323321
2019-11-14 00:59:00+00:00,8766.62,0.00342435
2019-11-14 00:59:02+00:00,8766.62,0.0158671
2019-11-14 00:59:04+00:00,8766.63,0.00960449
2019-11-14 00:59:05+00:00,8767.61,0.19266295
2019-11-14 00:59:05+00:00,8766.63,0.08690456
2019-11-14 00:59:07+00:00,8767.61,0.00102265
2019-11-14 00:59:10+00:00,8767.61,0.0063144
2019-11-14 00:59:10+00:00,8768.61,0.01332796
2019-11-14 00:59:13+00:00,8768.6,0.01964154
2019-11-14 00:59:13+00:00,8768.6,0.00210068
2019-11-14 00:59:15+00:00,8768.6,0.0182
2019-11-14 00:59:15+00:00,8768.6,0.0054492
2019-11-14 00:59:17+00:00,8768.59,0.00330857
2019-11-14 00:59:19+00:00,8768.6,0.00266747
2019-11-14 00:59:26+00:00,8768.61,0.03491877
2019-11-14 00:59:26+00:00,8768.61,0.00263944
2019-11-14 00:59:29+00:00,8768.6,2.46425201
2019-11-14 00:59:33+00:00,8768.6,0.02869361
2019-11-14 00:59:35+00:00,8761.28,0.0103026
2019-11-14 00:59:35+00:00,8765.0,0.01135225
2019-11-14 00:59:35+00:00,8768.6,0.0273
2019-11-14 00:59:39+00:00,8762.41,0.107
2019-11-14 00:59:39+00:00,8762.41,5.893
2019-11-14 00:59:41+00:00,8762.0,0.11365329
2019-11-14 00:59:43+00:00,8762.419999999998,0.4089007
2019-11-14 00:59:43+00:00,8761.51,0.00847
2019-11-14 00:59:43+00:00,8762.419999999998,0.2
2019-11-14 00:59:43+00:00,8762.41,0.0103026
2019-11-14 00:59:46+00:00,8762.41,0.02998106
2019-11-14 00:59:46+00:00,8762.41,0.01226552
2019-11-14 00:59:47+00:00,8762.41,0.03275979
2019-11-14 00:59:48+00:00,8762.41,0.00760939
2019-11-14 00:59:55+00:00,8762.41,0.03356717
2019-11-14 00:59:58+00:00,8762.41,0.08189892
2019-11-14 01:00:01+00:00,8762.4,0.01483166
2019-11-14 01:00:03+00:00,8762.41,0.01118622
2019-11-14 01:00:03+00:00,8762.41,0.00191815
2019-11-14 01:00:09+00:00,8762.41,0.00210192
2019-11-14 01:00:15+00:00,8762.41,0.01146576
2019-11-14 01:00:17+00:00,8762.41,0.00153414
2019-11-14 01:00:30+00:00,8763.19,0.12000707
2019-11-14 01:00:37+00:00,8763.4,0.00444585
2019-11-14 01:00:37+00:00,8763.4,0.0026694
2019-11-14 01:00:38+00:00,8763.4,0.00295326
2019-11-14 01:00:39+00:00,8763.4,0.00545121
2019-11-14 01:00:40+00:00,8763.390000000001,0.00444585
2019-11-14 01:00:41+00:00,8763.4,0.00153397
2019-11-14 01:00:44+00:00,8763.4,0.00590538
2019-11-14 01:00:48+00:00,8763.4,0.01235663
2019-11-14 01:00:50+00:00,8763.4,0.00318027
2019-11-14 01:00:51+00:00,8763.4,0.00266906
2019-11-14 01:00:55+00:00,8763.4,0.00760854
2019-11-14 01:00:56+00:00,8763.390000000001,0.00102032
2019-11-14 01:00:57+00:00,8763.4,0.00284764
2019-11-14 01:01:00+00:00,8763.390000000001,0.01235663
2019-11-14 01:01:03+00:00,8763.390000000001,0.30074674
2019-11-14 01:01:03+00:00,8763.390000000001,0.53965326
2019-11-14 01:01:05+00:00,8763.4,0.01669199
2019-11-14 01:01:06+00:00,8763.4,0.13
2019-11-14 01:01:07+00:00,8763.4,0.0039132
2019-11-14 01:01:07+00:00,8763.4,0.0016868
2019-11-14 01:01:08+00:00,8763.4,0.1919
2019-11-14 01:01:08+00:00,8763.4,8.68e-05
2019-11-14 01:01:08+00:00,8763.4,0.00808945
2019-11-14 01:01:08+00:00,8764.4,0.2
2019-11-14 01:01:08+00:00,8763.4,1.055e-05
2019-11-14 01:01:09+00:00,8765.0,0.3
2019-11-14 01:01:10+00:00,8765.4,0.03603181
2019-11-14 01:01:11+00:00,8765.39,0.05919964
2019-11-14 01:01:14+00:00,8765.4,0.01200786
2019-11-14 01:01:20+00:00,8765.4,0.00544984
2019-11-14 01:01:25+00:00,8765.4,0.005677
2019-11-14 01:01:26+00:00,8765.4,0.00317962
2019-11-14 01:01:32+00:00,8765.4,0.00817439
2019-11-14 01:01:34+00:00,8765.39,0.02545415
2019-11-14 01:01:35+00:00,8765.4,0.02183279
2019-11-14 01:01:37+00:00,8765.4,0.01637347
2019-11-14 01:01:37+00:00,8765.4,0.00544984
2019-11-14 01:01:40+00:00,8765.39,0.00302056
2019-11-14 01:01:42+00:00,8765.4,0.01385025
2019-11-14 01:01:43+00:00,8766.4,0.04153946
2019-11-14 01:01:43+00:00,8765.4,0.07197313
2019-11-14 01:01:46+00:00,8766.4,0.00154157
2019-11-14 01:01:51+00:00,8766.39,0.65463376
2019-11-14 01:01:52+00:00,8766.4,0.05
2019-11-14 01:01:54+00:00,8766.4,0.01637187
2019-11-14 01:01:55+00:00,8767.4,0.11139417
2019-11-14 01:01:55+00:00,8766.4,0.0905471
2019-11-14 01:01:56+00:00,8767.39,0.10273738
2019-11-14 01:01:56+00:00,8767.4,0.00743096
2019-11-14 01:01:56+00:00,8767.39,0.01637187
2019-11-14 01:01:57+00:00,8768.39,0.01101011
2019-11-14 01:01:57+00:00,8768.39,0.03499158
2019-11-14 01:01:57+00:00,8767.4,0.08117487
2019-11-14 01:01:57+00:00,8768.39,0.00317882
2019-11-14 01:01:58+00:00,8768.39,0.05584295
2019-11-14 01:02:00+00:00,8768.39,0.01358464
2019-11-14 01:02:04+00:00,8768.13,0.05282948
2019-11-14 01:02:04+00:00,8768.140000000001,0.23372976
2019-11-14 01:02:06+00:00,8767.88,0.00102256
2019-11-14 01:02:09+00:00,8766.49,0.05590632
2019-11-14 01:02:12+00:00,8766.48,0.00153343
2019-11-14 01:02:12+00:00,8766.47,0.0075
2019-11-14 01:02:12+00:00,8766.42,0.06290723
2019-11-14 01:02:14+00:00,8766.25,0.00102305
2019-11-14 01:02:16+00:00,8765.93,0.00153343
2019-11-14 01:02:17+00:00,8765.939999999999,0.00153345
2019-11-14 01:02:17+00:00,8765.93,0.02946657
2019-11-14 01:02:17+00:00,8764.62,0.17728041
2019-11-14 01:02:17+00:00,8764.82,0.04
2019-11-14 01:02:24+00:00,8765.61,0.00210135
2019-11-14 01:02:24+00:00,8765.8,0.00222
2019-11-14 01:02:25+00:00,8764.0,0.00930912
2019-11-14 01:02:27+00:00,8763.99,0.3409634
2019-11-14 01:02:32+00:00,8764.0,0.01091757
2019-11-14 01:02:33+00:00,8764.0,0.00119325
2019-11-14 01:02:35+00:00,8764.0,0.00444718
2019-11-14 01:02:36+00:00,8763.99,0.00119325
2019-11-14 01:02:37+00:00,8764.0,0.01146367
2019-11-14 01:02:37+00:00,8764.0,0.00102296
2019-11-14 01:02:38+00:00,8763.99,0.00444718
2019-11-14 01:02:38+00:00,8764.0,0.0037478
2019-11-14 01:02:44+00:00,8764.0,0.01703104
2019-11-14 01:02:50+00:00,8764.0,0.00545084
2019-11-14 01:02:57+00:00,8764.0,0.05593439
2019-11-14 01:02:59+00:00,8764.0,0.0010228
2019-11-14 01:03:02+00:00,8763.99,0.00206418
2019-11-14 01:03:02+00:00,8764.0,0.00210154
2019-11-14 01:03:06+00:00,8763.99,0.02694902
2019-11-14 01:03:08+00:00,8764.0,0.01637636
2019-11-14 01:03:08+00:00,8763.99,0.09558185
2019-11-14 01:03:09+00:00,8764.0,0.04832751
2019-11-14 01:03:10+00:00,8764.0,0.00817549
2019-11-14 01:03:10+00:00,8764.0,0.00210178
2019-11-14 01:03:10+00:00,8764.0,0.01091757
2019-11-14 01:03:11+00:00,8763.99,0.01637636
2019-11-14 01:03:12+00:00,8763.99,0.11181301
2019-11-14 01:03:13+00:00,8764.0,0.00545084
2019-11-14 01:03:20+00:00,8764.0,0.02710984
2019-11-14 01:03:20+00:00,8764.0,0.022
2019-11-14 01:03:20+00:00,8764.0,0.00906233
2019-11-14 01:03:21+00:00,8764.0,0.00187447
2019-11-14 01:03:25+00:00,8764.0,0.00266887
2019-11-14 01:03:27+00:00,8764.0,0.00529302
2019-11-14 01:03:28+00:00,8764.0,0.01131948
2019-11-14 01:03:30+00:00,8764.0,0.00210154
2019-11-14 01:03:34+00:00,8764.0,0.00232862
2019-11-14 01:03:35+00:00,8764.0,0.03356108
2019-11-14 01:03:36+00:00,8764.0,0.07830768
2019-11-14 01:03:39+00:00,8763.99,0.005458
2019-11-14 01:03:40+00:00,8764.0,0.11186878
2019-11-14 01:03:41+00:00,8764.0,0.01
2019-11-14 01:03:49+00:00,8761.61,0.04060403
2019-11-14 01:03:49+00:00,8763.99,0.0821
2019-11-14 01:03:51+00:00,8761.07,0.00704034
2019-11-14 01:03:53+00:00,8761.07,0.03133466
2019-11-14 01:03:54+00:00,8761.07,0.01092122
2019-11-14 01:04:00+00:00,8761.08,0.00103777
2019-11-14 01:04:01+00:00,8761.08,0.00840621
2019-11-14 01:04:07+00:00,8761.08,0.0223751
2019-11-14 01:04:13+00:00,8761.07,0.01365151
2019-11-14 01:04:14+00:00,8761.06,0.26296814
2019-11-14 01:04:14+00:00,8761.07,0.00444868
2019-11-14 01:04:17+00:00,8761.07,0.01101775
2019-11-14 01:04:17+00:00,8761.06,0.00444868
2019-11-14 01:04:25+00:00,8761.06,0.00318119
2019-11-14 01:04:26+00:00,8761.06,0.00544997
2019-11-14 01:04:28+00:00,8761.05,0.00318119
2019-11-14 01:04:29+00:00,8761.05,0.00544997
2019-11-14 01:04:29+00:00,8761.06,0.01157654
2019-11-14 01:04:30+00:00,8761.06,0.01529039
2019-11-14 01:04:34+00:00,8761.06,0.0223751
2019-11-14 01:04:39+00:00,8761.06,0.0218436
2019-11-14 01:04:41+00:00,8761.05,0.0218436
2019-11-14 01:04:42+00:00,8761.05,0.0935346
2019-11-14 01:04:44+00:00,8761.06,0.01092123
2019-11-14 01:04:45+00:00,8761.06,0.00590697
2019-11-14 01:04:47+00:00,8761.06,0.00153438
2019-11-14 01:04:47+00:00,8761.05,0.01092123
2019-11-14 01:04:49+00:00,8761.05,0.00153438
2019-11-14 01:04:52+00:00,8761.06,0.06602486
2019-11-14 01:04:54+00:00,8761.06,0.00153438
2019-11-14 01:04:54+00:00,8761.06,0.00545267
2019-11-14 01:04:57+00:00,8761.05,0.0021
2019-11-14 01:04:57+00:00,8761.05,0.00335267
2019-11-14 01:05:02+00:00,8761.05,0.00330206
2019-11-14 01:05:02+00:00,8761.06,0.01638185
2019-11-14 01:05:02+00:00,8761.06,0.00545267
2019-11-14 01:05:03+00:00,8761.06,0.01124946
2019-11-14 01:05:05+00:00,8761.08,0.00422835
2019-11-14 01:05:05+00:00,8761.06,0.00292897
2019-11-14 01:05:05+00:00,8761.05,0.01638185
2019-11-14 01:05:06+00:00,8761.08,0.00267012
2019-11-14 01:05:07+00:00,8761.07,0.03441454
2019-11-14 01:05:19+00:00,8761.08,0.01135819
